2968 5030
263 483 325 547 400
759 479 898 534 Asinaria

263 680 348 752 trega
370 693 396 732 a.
419 673 471 732 lat.
490 671 542 732 Gr.
566 693 595 752 p.
621 675 660 734 63
688 671 827 752 „quoia“,
851 681 942 751 atque
963 674 995 732 in
1017 673 1041 732 B
1062 679 1134 754 post
1156 690 1176 750 q
1197 673 1258 734 dua
1279 673 1371 734 littera

263 796 354 836 erasa
377 781 456 850 sunt,
479 782 543 836 tum
567 777 695 836 secunda
718 797 808 837 manu
830 792 850 836 0
871 780 1117 856 suprascriptum.
1151 775 1288 835 lleclreis.
1312 777 1371 850 „da-

261 877 354 938 nunt“
379 899 435 958 pro
462 876 584 952 „dant“.
602 909 645 920 -—
665 881 735 940 533.
759 879 805 938 Fl.
827 879 889 938 ed:
918 877 988 952 „Set
1010 879 1034 936 si
1057 877 1106 936 hie
1128 881 1241 938 enimus
1262 899 1371 956 occupa·

261 987 338 1056 test,
367 987 477 1055 mater,
508 979 582 1058 quid
610 979 739 1040 faciam?
767 979 891 1056 mone“;
918 999 1021 1040 verum
1044 981 1119 1040 nihil
1140 981 1316 1042 mutandum.
1336 1013 1373 1022 -

262 1085 333 1144 534.
358 1079 553 1162 0000000100.
598 1085 735 1144 Activam
765 1083 890 1144 formam
920 1089 951 1142 et
980 1103 1015 1143 ex
1038 1082 1094 1144 hoo
1117 1087 1148 1142 05
1169 1103 1205 1142 ex
1228 1084 1290 1144 aliis
1308 1085 1373 1144 locis

261 1187 349 1248 affert
370 1187 485 1248 Nonius
508 1207 537 1266 p.
562 1189 639 1260 47ος
662 1191 761 1246 totum
782 1205 876 1265 genus
898 1187 1044 1246 50005ον15
1065 1185 1181 1246 Gellius
1201 1185 1307 1260 xvm,
1330 1189 1371 1244 12.
1455 1177 1456 1196 ¹

261 1291 297 1348 ol.
311 1289 349 1348 ad
361 1289 468 1367 Amph.
482 1291 553 1349 813.
585 1289 708 1348 Sensum
726 1291 769 1348 sic
785 1289 916 1370 explieat
926 1288 1078 1348 Lambin:
1101 1288 1220 1362 „Meum
1238 1293 1319 1366 caput
1333 1289 1371 1346 100

260 1391 480 1470 contempleris,
494 1392 574 1470 quod
586 1411 690 1452 cauum
702 1398 757 1465 005,
769 1397 800 1451 05
816 1391 862 1450 lac
879 1393 991 1467 cogites
1011 1392 1085 1464 lore,
1104 1397 1137 1451 ut
1154 1397 1187 1448 tn
1206 1411 1316 1468 quoque
1332 1411 1371 1448 ca·

260 1514 376 1568 nescas;
399 1513 501 1572 qnare,
526 1494 597 1554 dum
616 1499 705 1552 atate
722 1495 841 1572 integra
857 1514 897 1568 es,
916 1495 977 1554 tuis
993 1493 1161 1554 rationibus
1179 1489 1321 1552 eonsule“.
1336 1521 1372 1530 -

262 1599 332 1656 535.
357 1593 467 1674 opilio,
497 1598 595 1656 ovium
624 1603 741 1674 pastor,
771 1599 823 1674 qni
852 1597 999 1675 producta
1025 1599 1125 1674 prima
1152 1595 1247 1673 upilio
1275 1593 1372 1653 dicitnr

260 1699 341 1777 apud
353 1700 440 1774 Verg.
453 1699 523 1760 Bac.
540 1701 587 1771 10,
604 1700 651 1758 19,
671 1729 715 1740 -·
734 1701 805 1759 536.
821 1695 1026 1776 peculiarem,
1050 1718 1117 1777 quse
1140 1699 1185 1757 001
1208 1697 1310 1774 peculii
1329 1697 1370 1766 sit,

259 1803 296 1860 cs.
319 1803 387 1862 Aul.
412 1804 473 1860 457
496 1821 555 1879 sq.:
589 1799 703 1876 „gallus
724 1802 920 1879 gallinaceus,
944 1803 995 1878 qui
1018 1807 1083 1860 erat
1106 1802 1175 1860 0001
1197 1796 1369 1878 peculiaris“.

259 1904 340 1964 Pers.
364 1907 435 1964 202.
457 1933 501 1944 —
522 1919 619 1980 apaan,
643 1903 699 1962 sibi
722 1909 865 1981 ereptam,
887 1904 1028 1976 fractsm3
1052 1923 1120 1962 nam
1144 1905 1202 1962 nisi
1222 1900 1369 1968 fefellisset,

259 2005 368 2066 solatio
402 2025 460 2064 non
494 2025 568 2083 opus
603 2011 676 2065 erat.
732 2007 910 2066 Aecuratius
933 2005 1082 2081 Vergilius
1111 2005 1220 2081 Georg.
1249 2005 1277 2076 l,
1306 2003 1369 2060 159:

263 2108 488 2184 „concussaque
511 2108 617 2166 samem
640 2109 671 2166 in
694 2108 777 2168 silvis
801 2107 938 2167 solabere
961 2107 1103 2185 quercn“.
1146 2109 1223 2168 293:
1249 2107 1372 2183 „longum

258 2215 347 2269 00050
380 2210 476 2269 001050
508 2208 674 2270 laborem“.
706 2237 744 2250 -
776 2212 845 2269 537.
875 2209 948 2268 Post
974 2205 1192 2289 Aryyrippum
1223 2209 1317 2268 hiatus
1347 2209 1372 2264 iu

259 2331 379 2372 cassura.
423 2312 533 2371 Miiller
561 2309 673 2384 „hunc“
699 2311 838 2372 addebat.
861 2343 904 2353 -
929 2315 999 2372 539.
1020 2307 1219 2389 proclamasti,
1243 2313 1261 2370 i.
1284 2333 1307 2369 0.
1328 2331 1371 2388 pe-

257 2417 372 2493 peristi,
397 2415 539 2486 educasti,
563 2413 790 2491 astupeant:
818 2415 926 2488 „Quasi
950 2417 981 2473 in
1004 2413 1163 2474 orbitatem
1185 2415 1294 2474 liberos
1313 2433 1372 2492 pro

259 2515 424 2577 duxerint
457 2516 534 2588 Rud.
560 2519 656 2574 1173:
684 2537 756 2595 „ego
778 2519 804 2576 is
826 2537 899 2590 sum,
924 2519 974 2595 qui
997 2523 1028 2576 50
1050 2516 1180 2596 produxi
1203 2515 1317 2596 pater“.
1337 2546 1372 2554 -

257 2614 449 2679 Audientem
476 2615 576 2692 (10050,
611 2639 680 2677 nam
712 2621 791 2678 intro
824 2621 944 2678 abitura
974 2626 1032 2694 est,
1063 2627 1097 2679 ut
1124 2619 1250 2678 laeserat
1278 2625 1371 2678 mater.

257 2721 399 2798 Sequitur
422 2728 519 2780 autem
544 2725 610 2799 ipsa
630 2727 735 2781 mater.

718 2905 922 2914 *—

345 3030 415 3088 540.
438 3028 608 3087 Adveniunt
629 3032 707 3088 serui
728 3029 862 3106 perfecta
884 3028 1002 3088 fallacia
1026 3030 1255 3108 triumphantes.
1300 3028 1373 3086 Hila-

256 3133 403 3190 rissimum
427 3131 607 3208 colloquium
625 3131 759 3192 iambicis
778 3133 954 3208 septenariis
971 3133 1115 3210 seriptum
1133 3139 1186 3191 est:
1224 3125 1374 3208 Perfidiae

256 3235 342 3310 quasi
365 3234 426 3292 dese
449 3236 561 3310 gratiss
584 3240 683 3312 agunt.
731 3227 860 3294 &alias
882 3227 1040 3308 50500000,
1063 3255 1090 3296 v.
1116 3235 1154 3293 ad
1176 3235 1284 3313 Amph.
1310 3236 1371 3293 179.

197 3391 202 3402 ,
255 3367 298 3376 -
327 3337 396 3394 542.
422 3330 631 3413 Scapularum
659 3331 863 3413 confidentia,
893 3339 913 3394 i.
937 3357 978 3410 0.,
1006 3344 1041 3396 05
1063 3337 1107 3395 015
1128 3336 1244 3396 Nonius
1266 3359 1295 3415 p.
1319 3338 1370 3394 262

254 3437 333 3498 buno
364 3457 481 3496 versum
515 3437 654 3512 afferens,
688 3439 878 3516 scapularum
911 3440 1058 3517 patientia
1087 3439 1167 3498 freti.
1214 3439 1273 3498 Sed
1301 3439 1371 3518 quod

255 3542 402 3619 sequitur,
426 3537 541 3600 0505050
562 3535 719 3600 ulmorum
736 3538 829 3620 freti.
853 3541 1012 3599 ridiculum
1036 3546 1081 3600 est
1104 3546 1195 3618 atque
1218 3521 1371 3600 00105000-

254 3645 380 3702 tranium
402 3645 475 3716 0100,
499 3644 579 3720 quod
602 3643 798 3717 desideratur,
823 3663 916 3722 quare
933 3642 1096 3702 Lambinus
1118 3649 1149 3701 et
1170 3643 1277 3702 Bosius
1303 3643 1371 3716 „uir-

253 3751 320 3832 tute
341 3743 550 3805 bnmerorum“
577 3745 752 3806 scribebant.
797 3745 873 3806 Mihi
894 3748 926 3805 in
947 3751 1076 3804 mentem
1098 3746 1196 3804 venit:
1224 3744 1370 3824 „Scapula-

253 3867 319 3907 rum
336 3848 518 3908 confidentia
533 3849 565 3906 in
581 3849 725 3908 uirtutem
743 3849 891 3908 ulmorum
908 3846 996 3908 freti“
1018 3854 1070 3906 005
1091 3850 1222 3922 „uirtute
1234 3849 1371 3906 ulmorum
1455 3853 1456 3916 j

253 3949 384 4027 spreta“.
428 3949 473 4008 Eo
502 3957 600 4010 autem
627 3952 769 4010 incertior
797 3957 843 4011 est
871 3950 1049 4011 emendandi
1077 3952 1169 4025 ratio,
1199 3953 1271 4029 quia
1299 3951 1371 4009 locus
1455 3931 1456 3940 ἵ

252 4055 343 4111 etiam
365 4054 424 4112 alio
446 4053 520 4112 vitio
536 4052 668 4128 laborat;
690 4073 759 4113 uam
782 4053 968 4114 desideretur
989 4053 1115 4113 verbum
1138 4057 1304 4128 sententia,
1326 4073 1372 4111 nec

253 4155 422 4214 anacolutbi
443 4156 506 4215 ulla
527 4156 679 4215 excusatio
702 4158 830 4232 eogitari
850 4163 962 4236 potest.
996 4149 1096 4229 Quale
1118 4156 1189 4216 olim
1211 4156 1371 4216 Fleckeise-

252 4259 333 4314 nium
356 4263 473 4316 secutus
497 4257 652 4318 credebam
674 4277 793 4318 versum
815 4259 973 4332 excidisse,
998 4277 1086 4337 quem
1107 4259 1181 4318 mihi
1204 4261 1295 4318 talem
1318 4259 1371 4316 lere

250 4359 463 4418 informabam:
491 4359 654 4432 „Praedam
670 4363 760 4438 potiti
777 4359 967 4440 splendidam
988 4361 1121 4420 redimus
1143 4363 1202 4420 iam
1220 4357 1369 4420 meteret
