2956 5018
102 487 172 553 Μ,
184 489 260 548 5-23
591 485 727 538 Asinaria.
941 529 949 542 ,
1183 491 1223 550 93

102 676 193 740 Hanc
213 675 352 760 quidem,
377 694 476 756 quam
495 680 634 740 nanctus
653 673 819 759 praedam,
837 673 960 757 pariter
977 673 1132 740 cumillis
1149 696 1224 758 par·

812 783 903 848 tiam.

571 889 748 957 Libanus

104 1000 172 1064 Hbc
193 1001 285 1066 homo
308 1001 400 1066 aedis
424 1001 613 1083 conpssauit,
637 1021 727 1064 more
750 1000 778 1064 si
800 999 880 1064 feeit
902 1021 975 1078 suo;
1173 999 1225 1050 270

104 1107 170 1174 Uae
191 1109 237 1174 illi
258 1111 315 1194 qui
337 1115 408 1174 tam
430 1108 640 1192 indiligenter
661 1108 853 1174 obseruauit
874 1107 1020 1173 ianuaml

569 1215 749 1282 Leonida

103 1327 245 1390 Aetatem
265 1326 367 1391 uelim
389 1327 521 1407 seruire,
544 1325 705 1390 Libanum
726 1331 764 1390 ut
787 1311 978 1389 conueniam
1000 1322 1107 1388 modo.

571 1433 749 1499 Libanus

103 1541 173 1606 blaa
186 1542 325 1626 quidem
348 1541 457 1608 hercle
481 1564 583 1626 opera
603 1541 688 1606 liber
709 1561 888 1624 numquam
909 1540 968 1604 fies
992 1539 1091 1604 ocius.

570 1649 750 1716 Leonida

101 1757 203 1823 Etiam
226 1759 384 1840 detergo
408 1758 567 1824 ducentas
589 1760 704 1843 plagas
727 1759 916 1842 praegnatis
939 1754 1034 1821 dabo.

574 1867 748 1932 Libanus

101 1967 246 2060 Largitur
269 1975 449 2058 peculium3
474 1996 600 2039 omnem
623 1975 657 2038 in
679 1983 771 2057 tergo
795 1975 1009 2040 thensaurum
1031 1969 1124 2054 gerit.
1172 1975 1224 2028 2⁷5

572 2083 749 2149 Leonida

101 2192 178 2257 Nam
199 2194 278 2257 huic
301 2191 465 2257 occasioni
486 2197 615 2275 tempus
638 2193 665 2256 si
689 2213 724 2257 se
748 2189 1003 2276 supterduxerit‚

101 2300 281 2384 Numquam
304 2299 421 2383 edepol
444 2299 612 2382 quadrigis
634 2299 718 2366 albis
741 2300 915 2382 indipiscet
937 2304 1060 2382 postea.

102 2409 197 2500 Erum
218 2411 253 2473 in
276 2407 446 2474 obsidione
469 2408 604 2490 linquet,
627 2409 794 2474 inimicum
817 2409 943 2472 animos
966 2406 1103 2470 auxerit.

104 2517 160 2582 Sed
188 2518 216 2582 si
242 2537 371 2581 mecum
400 2515 606 2581 occasionem
639 2518 821 2601 opprimere
854 2514 939 2580 banc
972 2535 1056 2598 quae
1090 2513 1224 2578 obuenit

817 2624 936 2702 studet,

104 2734 266 2798 Maxumas
290 2734 474 2816 opimitates
497 2732 616 2813 gaudio
639 2718 881 2797 ecfertissumas
1174 2729 1226 2782 280

106 2841 172 2906 Suis
195 2843 260 2906 eris
283 2841 339 2906 ille
361 2863 428 2905 una
450 2861 577 2906 mecum
600 2842 716 2923 pariet,
740 2847 905 2922 gnatoque
929 2844 963 2904 et
984 2837 1081 2922 patri,

104 2951 188 3016 Adeo
209 2957 249 3014 ut
271 2955 415 3014 aetatem
438 2948 535 3013 ambo
559 2949 718 3014 ambobus
740 2948 835 3014 nobis
858 2949 925 3013 sint
947 2946 1088 3024 obnoxii,

105 3057 218 3124 Nostro
242 3057 388 3122 deuincti
409 3055 578 3122 beneficio.

577 3165 752 3230 Libanus

595 3271 730 3338 Uinctos
753 3272 863 3338 nescio
887 3292 967 3353 quos
991 3273 1049 3335 ait.

104 3383 169 3447 Non
188 3383 314 3466 placet;
332 3388 443 3445 metuo
460 3382 494 3445 in
512 3401 671 3446 conrnune
688 3402 729 3445 ne
747 3401 846 3464 quam
861 3379 1011 3444 fraudem
1027 3377 1156 3442 frausus
1174 3376 1226 3440 sit.

217 3497 219 3504 '
574 3487 752 3554 Leonida

104 3599 184 3665 Perii
205 3618 267 3680 ego
291 3597 421 3682 oppido,
443 3597 506 3662 uisi
521 3596 683 3662 Libanum
704 3596 836 3662 inuenio
859 3595 934 3670 iam,
956 3592 1015 3658 ubi
1036 3591 1125 3657 ubist
1148 3609 1227 3672 gen·

816 3704 908 3767 tium,
1176 3694 1227 3748 285

578 3813 753 3878 Libanus

106 3923 171 3987 Illic
185 3922 284 3988 homo
302 3922 427 3986 socium
445 3921 487 3986 ad
504 3921 624 3986 malam
639 3943 710 3986 rem
728 3920 859 4003 quaerit
878 3939 974 4001 quem
986 3914 1145 3996 adiungat
1156 3914 1227 3979 sibi.

107 4030 172 4098 Non
183 4030 310 4114 placet3
329 4051 388 4112 pro
405 4036 551 4095 monstro
570 4029 772 4113 extemplost,
786 4027 916 4112 quando
929 4028 986 4112 qui
998 4022 1096 4088 sudat
1106 4024 1226 4088 tremit.

167 4287 219 4339 272
236 4285 338 4338 Aetate
406 4286 457 4338 276
475 4283 547 4339 Nam
565 4285 589 4339 si
606 4284 671 4338 huic
690 4285 832 4339 occasioni
849 4289 959 4355 tempus
977 4302 1037 4340 sese
1106 4287 1155 4340 281
1174 4287 1229 4340 erit

110 4371 151 4425 284
166 4372 221 4425 siet
290 4371 341 4424 287
358 4371 470 4439 quando
488 4387 538 4425 om.
