<?xml version="1.0" encoding="UTF-8"?>
<!DOCTYPE html PUBLIC "-//W3C//DTD XHTML 1.0 Transitional//EN"
    "http://www.w3.org/TR/xhtml1/DTD/xhtml1-transitional.dtd">
<html xmlns="http://www.w3.org/1999/xhtml" xml:lang="en" lang="en">
 <head>
  <title>
</title>
<meta http-equiv="Content-Type" content="text/html;charset=utf-8" />
  <meta name='ocr-system' content='tesseract 3.04.00' />
  <meta name='ocr-capabilities' content='ocr_page ocr_carea ocr_par ocr_line ocrx_word'/>
</head>
<body>
  <div class='ocr_page' id='page_1' title='image "./tmacciiplautico02ussigoog_0297.png"; bbox 0 0 2960 5038; ppageno 0'>
   <div class='ocr_carea' id='block_1_1' title="bbox 251 494 903 566">
    <p class='ocr_par' dir='ltr' id='par_1_1' title="bbox 251 494 903 566">
     <span class='ocr_line' id='line_1_1' title="bbox 251 494 903 566; baseline 0.006 -4"><span class='ocrx_word' id='word_1_1' title='bbox 251 499 314 562; x_wconf 70' lang='lat'><strong>282</strong></span> <span class='ocrx_word' id='word_1_2' title='bbox 725 494 903 566; x_wconf 49' lang='lat' dir='ltr'><strong>mlh&amp;</strong></span> 
     </span>
    </p>
   </div>
   <div class='ocr_carea' id='block_1_2' title="bbox 251 689 1368 766">
    <p class='ocr_par' dir='ltr' id='par_1_2' title="bbox 251 689 1368 766">
     <span class='ocr_line' id='line_1_2' title="bbox 251 689 1368 766; baseline 0 -18"><span class='ocrx_word' id='word_1_3' title='bbox 251 689 387 748; x_wconf 89' lang='lat' dir='ltr'><strong>Lindem.</strong></span> <span class='ocrx_word' id='word_1_4' title='bbox 421 689 571 748; x_wconf 76' lang='lat' dir='ltr'>Mercurio</span> <span class='ocrx_word' id='word_1_5' title='bbox 594 689 673 748; x_wconf 87' lang='lat' dir='ltr'><strong>enim</strong></span> <span class='ocrx_word' id='word_1_6' title='bbox 695 709 782 750; x_wconf 87' lang='lat' dir='ltr'><strong>nemo</strong></span> <span class='ocrx_word' id='word_1_7' title='bbox 805 691 944 751; x_wconf 79' lang='lat' dir='ltr'><strong>astutior.</strong></span> <span class='ocrx_word' id='word_1_8' title='bbox 962 720 1006 732; x_wconf 90' lang='lat'><em>-</em></span> <span class='ocrx_word' id='word_1_9' title='bbox 1028 691 1100 751; x_wconf 89' lang='grc'><strong>503.</strong></span> <span class='ocrx_word' id='word_1_10' title='bbox 1123 689 1263 751; x_wconf 81' lang='lat' dir='ltr'><strong>Codicum</strong></span> <span class='ocrx_word' id='word_1_11' title='bbox 1282 691 1368 766; x_wconf 88' lang='lat' dir='ltr'><strong>scrip·</strong></span> 
     </span>
    </p>
   </div>
   <div class='ocr_carea' id='block_1_3' title="bbox 249 785 1368 868">
    <p class='ocr_par' dir='ltr' id='par_1_3' title="bbox 249 785 1456 876">
     <span class='ocr_line' id='line_1_3' title="bbox 249 785 1368 868; baseline 0 -18"><span class='ocrx_word' id='word_1_12' title='bbox 249 798 349 852; x_wconf 87' lang='lat' dir='ltr'><strong>turam</strong></span> <span class='ocrx_word' id='word_1_13' title='bbox 376 793 514 852; x_wconf 82' lang='lat' dir='ltr'><strong>vitiosam</strong></span> <span class='ocrx_word' id='word_1_14' title='bbox 540 810 607 850; x_wconf 88' lang='lat' dir='ltr'><strong>esse</strong></span> <span class='ocrx_word' id='word_1_15' title='bbox 640 791 689 850; x_wconf 80' lang='lat' dir='ltr'><strong>vel</strong></span> <span class='ocrx_word' id='word_1_16' title='bbox 715 791 850 852; x_wconf 85' lang='lat' dir='ltr'><strong>futurum</strong></span> <span class='ocrx_word' id='word_1_17' title='bbox 871 785 1056 868; x_wconf 75' lang='lat' dir='ltr'><strong>palpabitur</strong></span> <span class='ocrx_word' id='word_1_18' title='bbox 1084 791 1227 852; x_wconf 87' lang='lat' dir='ltr'><strong>ostendit.</strong></span> <span class='ocrx_word' id='word_1_19' title='bbox 1268 792 1368 850; x_wconf 80' lang='lat' dir='ltr'><strong>Veram</strong></span> 
     </span>
    </p>
   </div>
   <div class='ocr_carea' id='block_1_4' title="bbox 249 893 1369 974">
    <p class='ocr_par' dir='ltr' id='par_1_4' title="bbox 249 893 1369 974">
     <span class='ocr_line' id='line_1_4' title="bbox 249 893 1369 974; baseline -0.004 -20"><span class='ocrx_word' id='word_1_20' title='bbox 249 893 425 954; x_wconf 76' lang='lat' dir='ltr'><strong>Fleckeisen</strong></span> <span class='ocrx_word' id='word_1_21' title='bbox 445 893 503 973; x_wconf 80' lang='lat' dir='ltr'><strong>Ep.</strong></span> <span class='ocrx_word' id='word_1_22' title='bbox 528 894 593 952; x_wconf 86' lang='lat' dir='ltr'><strong>crit.</strong></span> <span class='ocrx_word' id='word_1_23' title='bbox 616 915 647 972; x_wconf 89' lang='lat' dir='ltr'><strong>p.</strong></span> <span class='ocrx_word' id='word_1_24' title='bbox 666 893 766 954; x_wconf 82' lang='lat' dir='ltr'>XVIII</span> <span class='ocrx_word' id='word_1_25' title='bbox 787 897 868 954; x_wconf 85' lang='lat' dir='ltr'><strong>eruit</strong></span> <span class='ocrx_word' id='word_1_26' title='bbox 890 915 927 954; x_wconf 89' lang='lat' dir='ltr'><strong>ex</strong></span> <span class='ocrx_word' id='word_1_27' title='bbox 948 894 1054 974; x_wconf 81' lang='lat' dir='ltr'><strong>Servio</strong></span> <span class='ocrx_word' id='word_1_28' title='bbox 1076 894 1116 954; x_wconf 88' lang='lat' dir='ltr'><strong>ad</strong></span> <span class='ocrx_word' id='word_1_29' title='bbox 1131 894 1203 954; x_wconf 63' lang='grc' dir='ltr'><strong>ΕΠ.</strong></span> <span class='ocrx_word' id='word_1_30' title='bbox 1224 893 1275 966; x_wconf 85' lang='lat' dir='ltr'><strong>xl,</strong></span> <span class='ocrx_word' id='word_1_31' title='bbox 1298 895 1369 952; x_wconf 70' lang='lat'><strong><em>‘1252</em></strong></span> 
     </span>
    </p>
   </div>
   <div class='ocr_carea' id='block_1_5' title="bbox 254 993 1370 1076">
    <p class='ocr_par' dir='ltr' id='par_1_5' title="bbox 254 993 1456 1084">
     <span class='ocr_line' id='line_1_5' title="bbox 254 993 1370 1076; baseline -0.002 -20"><span class='ocrx_word' id='word_1_32' title='bbox 254 995 438 1070; x_wconf 82' lang='lat' dir='ltr'><strong>,Observato</strong></span> <span class='ocrx_word' id='word_1_33' title='bbox 471 1013 561 1073; x_wconf 88' lang='lat' dir='ltr'><strong>quam</strong></span> <span class='ocrx_word' id='word_1_34' title='bbox 593 995 710 1056; x_wconf 82' lang='lat' dir='ltr'><strong>blande</strong></span> <span class='ocrx_word' id='word_1_35' title='bbox 736 997 937 1076; x_wconf 85' lang='lat' dir='ltr'><strong>suppalpatur</strong></span> <span class='ocrx_word' id='word_1_36' title='bbox 967 993 1105 1057; x_wconf 85' lang='lat' dir='ltr'><strong>mulieri“</strong></span> <span class='ocrx_word' id='word_1_37' title='bbox 1141 1002 1173 1056; x_wconf 88' lang='lat' dir='ltr'><strong>et</strong></span> <span class='ocrx_word' id='word_1_38' title='bbox 1200 995 1316 1056; x_wconf 84' lang='lat' dir='ltr'><strong>Donato</strong></span> <span class='ocrx_word' id='word_1_39' title='bbox 1343 997 1370 1054; x_wconf 92' lang='lat' dir='ltr'><strong>in</strong></span> 
     </span>
    </p>
   </div>
   <div class='ocr_carea' id='block_1_6' title="bbox 250 1097 1371 1177">
    <p class='ocr_par' dir='ltr' id='par_1_6' title="bbox 250 1097 1371 1177">
     <span class='ocr_line' id='line_1_6' title="bbox 250 1097 1371 1177; baseline 0 -21"><span class='ocrx_word' id='word_1_40' title='bbox 250 1097 319 1157; x_wconf 88' lang='lat' dir='ltr'><strong>Ter.</strong></span> <span class='ocrx_word' id='word_1_41' title='bbox 342 1097 469 1176; x_wconf 78' lang='lat' dir='ltr'>Adelph.</span> <span class='ocrx_word' id='word_1_42' title='bbox 492 1099 570 1176; x_wconf 89' lang='lat' dir='ltr'><strong>prol.</strong></span> <span class='ocrx_word' id='word_1_43' title='bbox 594 1100 627 1158; x_wconf 82' lang='lat' dir='ltr'><strong>a:</strong></span> <span class='ocrx_word' id='word_1_44' title='bbox 662 1097 826 1171; x_wconf 75' lang='lat' dir='ltr'><strong>,Obesi-vat</strong></span> <span class='ocrx_word' id='word_1_45' title='bbox 847 1117 934 1158; x_wconf 87' lang='lat' dir='ltr'><strong>orere</strong></span> <span class='ocrx_word' id='word_1_46' title='bbox 955 1105 991 1158; x_wconf 86' lang='lat' dir='ltr'><strong>ut</strong></span> <span class='ocrx_word' id='word_1_47' title='bbox 1011 1097 1121 1158; x_wconf 88' lang='lat' dir='ltr'><strong>blande</strong></span> <span class='ocrx_word' id='word_1_48' title='bbox 1147 1099 1286 1177; x_wconf 76' lang='lat' dir='ltr'><strong>palpetur</strong></span> <span class='ocrx_word' id='word_1_49' title='bbox 1311 1117 1371 1156; x_wconf 89' lang='lat' dir='ltr'><strong>mn·</strong></span> 
     </span>
    </p>
   </div>
   <div class='ocr_carea' id='block_1_7' title="bbox 249 1197 1456 1688">
    <p class='ocr_par' dir='ltr' id='par_1_7' title="bbox 249 1197 1456 1688">
     <span class='ocr_line' id='line_1_7' title="bbox 250 1197 1456 1279; baseline -0.002 -19"><span class='ocrx_word' id='word_1_50' title='bbox 250 1197 349 1260; x_wconf 84' lang='lat' dir='ltr'><strong>lieri“.</strong></span> <span class='ocrx_word' id='word_1_51' title='bbox 394 1199 438 1260; x_wconf 80' lang='lat' dir='ltr'><strong>of.</strong></span> <span class='ocrx_word' id='word_1_52' title='bbox 461 1199 525 1258; x_wconf 82' lang='lat' dir='ltr'><strong>llil.</strong></span> <span class='ocrx_word' id='word_1_53' title='bbox 552 1201 626 1260; x_wconf 84' lang='lat' dir='ltr'><strong>loe:</strong></span> <span class='ocrx_word' id='word_1_54' title='bbox 665 1201 772 1272; x_wconf 86' lang='lat' dir='ltr'><strong>„matri</strong></span> <span class='ocrx_word' id='word_1_55' title='bbox 800 1198 1043 1279; x_wconf 84' lang='lat' dir='ltr'><strong>suppalparier“.</strong></span> <span class='ocrx_word' id='word_1_56' title='bbox 1070 1231 1114 1242; x_wconf 90' lang='lat'>-</span> <span class='ocrx_word' id='word_1_57' title='bbox 1144 1203 1215 1262; x_wconf 86' lang='grc'><strong>500.</strong></span> <span class='ocrx_word' id='word_1_58' title='bbox 1237 1199 1370 1260; x_wconf 73' lang='lat' dir='ltr'><strong>Mercurii</strong></span> <span class='ocrx_word' id='word_1_59' title='bbox 1455 1207 1456 1244; x_wconf 67' lang='lat'><em>³</em></span> 
     </span>
     <span class='ocr_line' id='line_1_8' title="bbox 249 1295 1456 1376; baseline 0 -16"><span class='ocrx_word' id='word_1_60' title='bbox 249 1302 344 1362; x_wconf 84' lang='lat' dir='ltr'><strong>verba</strong></span> <span class='ocrx_word' id='word_1_61' title='bbox 369 1302 447 1375; x_wconf 79' lang='lat' dir='ltr'><strong>huc,</strong></span> <span class='ocrx_word' id='word_1_62' title='bbox 476 1305 512 1360; x_wconf 90' lang='lat' dir='ltr'><strong>ut</strong></span> <span class='ocrx_word' id='word_1_63' title='bbox 538 1322 566 1362; x_wconf 81' lang='lat' dir='ltr'><strong>v.</strong></span> <span class='ocrx_word' id='word_1_64' title='bbox 592 1303 726 1374; x_wconf 80' lang='lat'><strong>502—3,</strong></span> <span class='ocrx_word' id='word_1_65' title='bbox 755 1322 775 1360; x_wconf 89' lang='lat' dir='ltr'><strong>a</strong></span> <span class='ocrx_word' id='word_1_66' title='bbox 796 1303 904 1362; x_wconf 86' lang='lat' dir='ltr'><strong>ceteris</strong></span> <span class='ocrx_word' id='word_1_67' title='bbox 929 1321 992 1364; x_wconf 88' lang='lat' dir='ltr'><strong>non</strong></span> <span class='ocrx_word' id='word_1_68' title='bbox 1020 1303 1185 1362; x_wconf 84' lang='lat' dir='ltr'><strong>audiuntur</strong></span> <span class='ocrx_word' id='word_1_69' title='bbox 1212 1309 1256 1376; x_wconf 86' lang='lat' dir='ltr'><strong>et,</strong></span> <span class='ocrx_word' id='word_1_70' title='bbox 1283 1305 1308 1362; x_wconf 88' lang='lat' dir='ltr'><strong>si</strong></span> <span class='ocrx_word' id='word_1_71' title='bbox 1336 1303 1372 1360; x_wconf 89' lang='lat' dir='ltr'><strong>ad</strong></span> <span class='ocrx_word' id='word_1_72' title='bbox 1455 1295 1456 1364; x_wconf 73' lang='lat' dir='ltr'><strong>l</strong></span> 
     </span>
     <span class='ocr_line' id='line_1_9' title="bbox 250 1379 1456 1484; baseline 0 -22"><span class='ocrx_word' id='word_1_73' title='bbox 250 1423 328 1463; x_wconf 80' lang='lat' dir='ltr'><strong>verre</strong></span> <span class='ocrx_word' id='word_1_74' title='bbox 351 1405 421 1462; x_wconf 76' lang='lat' dir='ltr'><strong>vita</strong></span> <span class='ocrx_word' id='word_1_75' title='bbox 443 1405 589 1463; x_wconf 85' lang='lat' dir='ltr'><strong>rationem</strong></span> <span class='ocrx_word' id='word_1_76' title='bbox 612 1404 758 1482; x_wconf 82' lang='lat' dir='ltr'><strong>exigenda</strong></span> <span class='ocrx_word' id='word_1_77' title='bbox 779 1423 826 1464; x_wconf 85' lang='lat' dir='ltr'><strong>res</strong></span> <span class='ocrx_word' id='word_1_78' title='bbox 849 1409 945 1477; x_wconf 86' lang='lat' dir='ltr'><strong>easet,</strong></span> <span class='ocrx_word' id='word_1_79' title='bbox 969 1405 1075 1464; x_wconf 89' lang='lat' dir='ltr'><strong>eodem</strong></span> <span class='ocrx_word' id='word_1_80' title='bbox 1097 1411 1231 1484; x_wconf 87' lang='lat' dir='ltr'><strong>tempore</strong></span> <span class='ocrx_word' id='word_1_81' title='bbox 1253 1404 1371 1464; x_wconf 87' lang='lat' dir='ltr'><strong>dicenda</strong></span> <span class='ocrx_word' id='word_1_82' title='bbox 1455 1379 1456 1444; x_wconf 73' lang='lat' dir='ltr'><strong>l</strong></span> 
     </span>
     <span class='ocr_line' id='line_1_10' title="bbox 250 1481 1456 1585; baseline 0.002 -21"><span class='ocrx_word' id='word_1_83' title='bbox 250 1511 338 1565; x_wconf 88' lang='lat' dir='ltr'><strong>erant</strong></span> <span class='ocrx_word' id='word_1_84' title='bbox 360 1512 451 1584; x_wconf 90' lang='lat' dir='ltr'><strong>atque</strong></span> <span class='ocrx_word' id='word_1_85' title='bbox 473 1506 552 1565; x_wconf 82' lang='lat' dir='ltr'><strong>Iovis</strong></span> <span class='ocrx_word' id='word_1_86' title='bbox 575 1511 606 1564; x_wconf 89' lang='lat' dir='ltr'><strong>et</strong></span> <span class='ocrx_word' id='word_1_87' title='bbox 627 1505 777 1565; x_wconf 74' lang='lat' dir='ltr'><strong>Alcmenae</strong></span> <span class='ocrx_word' id='word_1_88' title='bbox 799 1506 893 1566; x_wconf 79' lang='lat' dir='ltr'><strong>verba</strong></span> <span class='ocrx_word' id='word_1_89' title='bbox 921 1503 996 1580; x_wconf 83' lang='grc'><strong>(505</strong></span> <span class='ocrx_word' id='word_1_90' title='bbox 1021 1511 1052 1564; x_wconf 90' lang='lat' dir='ltr'><strong>et</strong></span> <span class='ocrx_word' id='word_1_91' title='bbox 1076 1503 1168 1580; x_wconf 82' lang='lat'><strong>508);</strong></span> <span class='ocrx_word' id='word_1_92' title='bbox 1199 1507 1280 1585; x_wconf 86' lang='lat' dir='ltr'><strong>quod</strong></span> <span class='ocrx_word' id='word_1_93' title='bbox 1305 1527 1370 1585; x_wconf 74' lang='lat' dir='ltr'><strong>quo</strong></span> <span class='ocrx_word' id='word_1_94' title='bbox 1455 1481 1456 1568; x_wconf 80' lang='lat' dir='ltr'><strong>l</strong></span> 
     </span>
     <span class='ocr_line' id='line_1_11' title="bbox 250 1591 1456 1688; baseline 0 -20"><span class='ocrx_word' id='word_1_95' title='bbox 250 1610 332 1668; x_wconf 87' lang='lat' dir='ltr'><strong>niam</strong></span> <span class='ocrx_word' id='word_1_96' title='bbox 353 1609 386 1667; x_wconf 90' lang='lat' dir='ltr'><strong>iu</strong></span> <span class='ocrx_word' id='word_1_97' title='bbox 408 1629 495 1668; x_wconf 87' lang='lat' dir='ltr'><strong>scena</strong></span> <span class='ocrx_word' id='word_1_98' title='bbox 519 1607 585 1667; x_wconf 89' lang='lat' dir='ltr'><strong>lieri</strong></span> <span class='ocrx_word' id='word_1_99' title='bbox 607 1627 665 1667; x_wconf 89' lang='lat' dir='ltr'><strong>non</strong></span> <span class='ocrx_word' id='word_1_100' title='bbox 688 1615 790 1686; x_wconf 85' lang='lat' dir='ltr'><strong>potest</strong></span> <span class='ocrx_word' id='word_1_101' title='bbox 811 1629 866 1668; x_wconf 91' lang='lat' dir='ltr'><strong>nec</strong></span> <span class='ocrx_word' id='word_1_102' title='bbox 888 1613 1092 1688; x_wconf 85' lang='lat' dir='ltr'><strong>spectatorum</strong></span> <span class='ocrx_word' id='word_1_103' title='bbox 1114 1627 1210 1682; x_wconf 86' lang='lat' dir='ltr'><strong>eures,</strong></span> <span class='ocrx_word' id='word_1_104' title='bbox 1234 1611 1370 1686; x_wconf 81' lang='lat' dir='ltr'><strong>nisique</strong></span> <span class='ocrx_word' id='word_1_105' title='bbox 1455 1591 1456 1656; x_wconf 67' lang='grc' dir='ltr'>Ϊ</span> 
     </span>
    </p>
   </div>
   <div class='ocr_carea' id='block_1_8' title="bbox 248 1709 1456 1895">
    <p class='ocr_par' dir='ltr' id='par_1_8' title="bbox 248 1709 1456 1895">
     <span class='ocr_line' id='line_1_12' title="bbox 250 1709 1456 1789; baseline -0.002 -19"><span class='ocrx_word' id='word_1_106' title='bbox 250 1709 390 1789; x_wconf 81' lang='lat' dir='ltr'><strong>deinceps</strong></span> <span class='ocrx_word' id='word_1_107' title='bbox 418 1712 665 1788; x_wconf 69' lang='lat' dir='ltr'><strong>pronuntientur,</strong></span> <span class='ocrx_word' id='word_1_108' title='bbox 695 1730 801 1787; x_wconf 86' lang='lat' dir='ltr'><strong>capere</strong></span> <span class='ocrx_word' id='word_1_109' title='bbox 828 1714 971 1789; x_wconf 84' lang='lat' dir='ltr'><strong>possunt,</strong></span> <span class='ocrx_word' id='word_1_110' title='bbox 1000 1729 1119 1770; x_wconf 83' lang='lat' dir='ltr'><strong>necesse</strong></span> <span class='ocrx_word' id='word_1_111' title='bbox 1147 1717 1194 1769; x_wconf 85' lang='lat' dir='ltr'><strong>est</strong></span> <span class='ocrx_word' id='word_1_112' title='bbox 1220 1713 1371 1770; x_wconf 80' lang='lat' dir='ltr'><strong>interrum-</strong></span> <span class='ocrx_word' id='word_1_113' title='bbox 1455 1751 1456 1786; x_wconf 64' lang='grc'><strong>.</strong></span> 
     </span>
     <span class='ocr_line' id='line_1_13' title="bbox 248 1801 1456 1895; baseline -0.006 -18"><span class='ocrx_word' id='word_1_114' title='bbox 248 1823 340 1895; x_wconf 84' lang='lat' dir='ltr'><strong>patu&#39;r</strong></span> <span class='ocrx_word' id='word_1_115' title='bbox 360 1815 517 1895; x_wconf 88' lang='lat' dir='ltr'><strong>paululum</strong></span> <span class='ocrx_word' id='word_1_116' title='bbox 540 1813 681 1890; x_wconf 86' lang='lat' dir='ltr'><strong>colloquii</strong></span> <span class='ocrx_word' id='word_1_117' title='bbox 704 1814 804 1872; x_wconf 86' lang='lat' dir='ltr'><strong>series.</strong></span> <span class='ocrx_word' id='word_1_118' title='bbox 850 1813 902 1872; x_wconf 82' lang='lat' dir='ltr'><strong>Fit</strong></span> <span class='ocrx_word' id='word_1_119' title='bbox 925 1812 982 1872; x_wconf 88' lang='lat' dir='ltr'><strong>hoc</strong></span> <span class='ocrx_word' id='word_1_120' title='bbox 1003 1819 1066 1872; x_wconf 86' lang='lat' dir='ltr'><strong>tam</strong></span> <span class='ocrx_word' id='word_1_121' title='bbox 1087 1831 1167 1891; x_wconf 73' lang='lat' dir='ltr'><strong>sepe</strong></span> <span class='ocrx_word' id='word_1_122' title='bbox 1190 1814 1269 1892; x_wconf 87' lang='lat' dir='ltr'><strong>epud</strong></span> <span class='ocrx_word' id='word_1_123' title='bbox 1290 1813 1371 1872; x_wconf 83' lang='lat' dir='ltr'><strong>Plan·</strong></span> <span class='ocrx_word' id='word_1_124' title='bbox 1455 1801 1456 1844; x_wconf 67' lang='lat' dir='ltr'><strong>l</strong></span> 
     </span>
    </p>
   </div>
   <div class='ocr_carea' id='block_1_9' title="bbox 249 1905 1370 1994">
    <p class='ocr_par' dir='ltr' id='par_1_9' title="bbox 249 1905 1370 1994">
     <span class='ocr_line' id='line_1_14' title="bbox 249 1905 1370 1994; baseline -0.004 -16"><span class='ocrx_word' id='word_1_125' title='bbox 249 1923 330 1990; x_wconf 83' lang='lat' dir='ltr'><strong>turn,</strong></span> <span class='ocrx_word' id='word_1_126' title='bbox 353 1923 389 1978; x_wconf 88' lang='lat' dir='ltr'><strong>ut</strong></span> <span class='ocrx_word' id='word_1_127' title='bbox 410 1905 717 1988; x_wconf 74' lang='lat' dir='ltr'><strong>temerarium&#39;loret,</strong></span> <span class='ocrx_word' id='word_1_128' title='bbox 740 1917 766 1974; x_wconf 88' lang='lat' dir='ltr'><strong>si</strong></span> <span class='ocrx_word' id='word_1_129' title='bbox 788 1918 855 1993; x_wconf 88' lang='lat' dir='ltr'><strong>quis</strong></span> <span class='ocrx_word' id='word_1_130' title='bbox 878 1933 944 1974; x_wconf 89' lang='lat' dir='ltr'><strong>cum</strong></span> <span class='ocrx_word' id='word_1_131' title='bbox 966 1915 1069 1974; x_wconf 80' lang='lat' dir='ltr'><strong>Brixio</strong></span> <span class='ocrx_word' id='word_1_132' title='bbox 1090 1915 1122 1974; x_wconf 89' lang='lat' dir='ltr'><strong>iu</strong></span> <span class='ocrx_word' id='word_1_133' title='bbox 1143 1915 1253 1976; x_wconf 79' lang='lat' dir='ltr'><strong>Annal.</strong></span> <span class='ocrx_word' id='word_1_134' title='bbox 1275 1916 1370 1994; x_wconf 91' lang='lat' dir='ltr'><strong>philol.</strong></span> 
     </span>
    </p>
   </div>
   <div class='ocr_carea' id='block_1_10' title="bbox 175 2017 1456 2316">
    <p class='ocr_par' dir='ltr' id='par_1_10' title="bbox 175 2017 1456 2316">
     <span class='ocr_line' id='line_1_15' title="bbox 250 2017 1456 2110; baseline -0.003 -30"><span class='ocrx_word' id='word_1_135' title='bbox 250 2019 302 2094; x_wconf 81' lang='lat'><strong>01,</strong></span> <span class='ocrx_word' id='word_1_136' title='bbox 326 2039 355 2097; x_wconf 90' lang='lat' dir='ltr'><strong>p.</strong></span> <span class='ocrx_word' id='word_1_137' title='bbox 377 2021 436 2080; x_wconf 88' lang='grc'><strong>761</strong></span> <span class='ocrx_word' id='word_1_138' title='bbox 461 2039 564 2079; x_wconf 83' lang='lat' dir='ltr'><strong>versus</strong></span> <span class='ocrx_word' id='word_1_139' title='bbox 589 2017 713 2078; x_wconf 75' lang='lat'><strong>506-&#39;7</strong></span> <span class='ocrx_word' id='word_1_140' title='bbox 736 2020 836 2077; x_wconf 81' lang='lat' dir='ltr'><strong>versui</strong></span> <span class='ocrx_word' id='word_1_141' title='bbox 860 2021 919 2078; x_wconf 89' lang='grc'><strong>505</strong></span> <span class='ocrx_word' id='word_1_142' title='bbox 943 2022 1156 2096; x_wconf 89' lang='lat' dir='ltr'><strong>anteponeret;</strong></span> <span class='ocrx_word' id='word_1_143' title='bbox 1179 2039 1248 2078; x_wconf 87' lang='lat' dir='ltr'><strong>nam</strong></span> <span class='ocrx_word' id='word_1_144' title='bbox 1268 2019 1314 2078; x_wconf 79' lang='lat' dir='ltr'><strong>val</strong></span> <span class='ocrx_word' id='word_1_145' title='bbox 1333 2021 1372 2078; x_wconf 88' lang='lat' dir='ltr'><strong>sic</strong></span> <span class='ocrx_word' id='word_1_146' title='bbox 1455 2071 1456 2110; x_wconf 58' lang='lat'>3</span> 
     </span>
     <span class='ocr_line' id='line_1_16' title="bbox 253 2116 1456 2199; baseline -0.002 -19"><span class='ocrx_word' id='word_1_147' title='bbox 253 2120 341 2196; x_wconf 87' lang='lat' dir='ltr'><strong>,ille“</strong></span> <span class='ocrx_word' id='word_1_148' title='bbox 372 2141 400 2182; x_wconf 81' lang='lat' dir='ltr'><strong>v.</strong></span> <span class='ocrx_word' id='word_1_149' title='bbox 425 2123 486 2182; x_wconf 87' lang='grc'><strong>506</strong></span> <span class='ocrx_word' id='word_1_150' title='bbox 516 2120 554 2180; x_wconf 89' lang='lat' dir='ltr'><strong>ad</strong></span> <span class='ocrx_word' id='word_1_151' title='bbox 585 2117 744 2193; x_wconf 78' lang='lat' dir='ltr'><strong>,uxorem“</strong></span> <span class='ocrx_word' id='word_1_152' title='bbox 775 2139 803 2178; x_wconf 83' lang='lat' dir='ltr'><strong>v.</strong></span> <span class='ocrx_word' id='word_1_153' title='bbox 828 2121 890 2180; x_wconf 79' lang='grc'><strong>504</strong></span> <span class='ocrx_word' id='word_1_154' title='bbox 918 2121 1025 2180; x_wconf 79' lang='lat' dir='ltr'><strong>referri</strong></span> <span class='ocrx_word' id='word_1_155' title='bbox 1052 2125 1167 2199; x_wconf 85' lang='lat' dir='ltr'><strong>potest,</strong></span> <span class='ocrx_word' id='word_1_156' title='bbox 1201 2127 1234 2180; x_wconf 89' lang='lat' dir='ltr'><strong>et</strong></span> <span class='ocrx_word' id='word_1_157' title='bbox 1266 2116 1368 2194; x_wconf 84' lang='lat' dir='ltr'><strong>,istuc“</strong></span> <span class='ocrx_word' id='word_1_158' title='bbox 1455 2189 1456 2192; x_wconf 7' lang='grc' dir='ltr'><strong>Ἴ</strong></span> 
     </span>
     <span class='ocr_line' id='line_1_17' title="bbox 175 2217 1456 2316; baseline -0.002 -34"><span class='ocrx_word' id='word_1_159' title='bbox 175 2307 178 2316; x_wconf 66' lang='lat'><strong>,</strong></span> <span class='ocrx_word' id='word_1_160' title='bbox 249 2243 277 2282; x_wconf 81' lang='lat' dir='ltr'><strong>v.</strong></span> <span class='ocrx_word' id='word_1_161' title='bbox 302 2226 363 2285; x_wconf 86' lang='grc'><strong>508</strong></span> <span class='ocrx_word' id='word_1_162' title='bbox 386 2224 425 2284; x_wconf 82' lang='lat' dir='ltr'><strong>sd</strong></span> <span class='ocrx_word' id='word_1_163' title='bbox 446 2245 474 2284; x_wconf 82' lang='lat' dir='ltr'><strong>v.</strong></span> <span class='ocrx_word' id='word_1_164' title='bbox 500 2225 570 2284; x_wconf 92' lang='grc'><strong>505.</strong></span> <span class='ocrx_word' id='word_1_165' title='bbox 614 2217 671 2282; x_wconf 79' lang='lat' dir='ltr'><strong>illa</strong></span> <span class='ocrx_word' id='word_1_166' title='bbox 692 2225 738 2280; x_wconf 84' lang='lat' dir='ltr'><strong>eat</strong></span> <span class='ocrx_word' id='word_1_167' title='bbox 759 2222 837 2282; x_wconf 87' lang='lat' dir='ltr'><strong>enim</strong></span> <span class='ocrx_word' id='word_1_168' title='bbox 858 2241 930 2282; x_wconf 81' lang='lat' dir='ltr'><strong>vcra</strong></span> <span class='ocrx_word' id='word_1_169' title='bbox 951 2242 1029 2282; x_wconf 84' lang='lat' dir='ltr'><strong>uxor</strong></span> <span class='ocrx_word' id='word_1_170' title='bbox 1045 2223 1134 2296; x_wconf 79' lang='lat' dir='ltr'><strong>Iovis,</strong></span> <span class='ocrx_word' id='word_1_171' title='bbox 1158 2222 1244 2296; x_wconf 91' lang='lat' dir='ltr'><strong>Iuno,</strong></span> <span class='ocrx_word' id='word_1_172' title='bbox 1267 2223 1371 2301; x_wconf 79' lang='lat' dir='ltr'><strong>quusi</strong></span> <span class='ocrx_word' id='word_1_173' title='bbox 1455 2265 1456 2274; x_wconf 74' lang='grc'><strong>.</strong></span> 
     </span>
    </p>
   </div>
   <div class='ocr_carea' id='block_1_11' title="bbox 250 2320 1371 2406">
    <p class='ocr_par' dir='ltr' id='par_1_11' title="bbox 250 2320 1371 2406">
     <span class='ocr_line' id='line_1_18' title="bbox 250 2320 1371 2406; baseline 0 -21"><span class='ocrx_word' id='word_1_174' title='bbox 250 2328 327 2386; x_wconf 87' lang='lat' dir='ltr'><strong>sciat</strong></span> <span class='ocrx_word' id='word_1_175' title='bbox 355 2346 423 2386; x_wconf 88' lang='lat' dir='ltr'><strong>eum</strong></span> <span class='ocrx_word' id='word_1_176' title='bbox 443 2321 516 2386; x_wconf 75' lang='lat' dir='ltr'><strong>istie</strong></span> <span class='ocrx_word' id='word_1_177' title='bbox 536 2320 646 2400; x_wconf 71' lang='lat' dir='ltr'><strong>rebus,</strong></span> <span class='ocrx_word' id='word_1_178' title='bbox 670 2326 689 2384; x_wconf 88' lang='lat' dir='ltr'><strong>i.</strong></span> <span class='ocrx_word' id='word_1_179' title='bbox 713 2345 738 2384; x_wconf 94' lang='lat' dir='ltr'><strong>e.</strong></span> <span class='ocrx_word' id='word_1_180' title='bbox 761 2323 874 2384; x_wconf 81' lang='lat' dir='ltr'><strong>furtivo</strong></span> <span class='ocrx_word' id='word_1_181' title='bbox 896 2327 992 2384; x_wconf 87' lang='lat' dir='ltr'><strong>amori</strong></span> <span class='ocrx_word' id='word_1_182' title='bbox 1014 2331 1047 2383; x_wconf 90' lang='lat' dir='ltr'><strong>et</strong></span> <span class='ocrx_word' id='word_1_183' title='bbox 1069 2323 1234 2400; x_wconf 87' lang='lat' dir='ltr'><strong>adulterio,</strong></span> <span class='ocrx_word' id='word_1_184' title='bbox 1259 2345 1371 2406; x_wconf 88' lang='lat' dir='ltr'><strong>operam</strong></span> 
     </span>
    </p>
   </div>
   <div class='ocr_carea' id='block_1_12' title="bbox 250 2427 1456 2508">
    <p class='ocr_par' dir='ltr' id='par_1_12' title="bbox 250 2427 1456 2508">
     <span class='ocr_line' id='line_1_19' title="bbox 250 2427 1456 2508; baseline 0 -20"><span class='ocrx_word' id='word_1_185' title='bbox 250 2428 331 2502; x_wconf 88' lang='lat' dir='ltr'><strong>dare,</strong></span> <span class='ocrx_word' id='word_1_186' title='bbox 354 2433 416 2488; x_wconf 89' lang='lat' dir='ltr'><strong>tam</strong></span> <span class='ocrx_word' id='word_1_187' title='bbox 438 2429 516 2487; x_wconf 89' lang='lat' dir='ltr'><strong>mele</strong></span> <span class='ocrx_word' id='word_1_188' title='bbox 538 2447 603 2487; x_wconf 87' lang='lat' dir='ltr'><strong>eum</strong></span> <span class='ocrx_word' id='word_1_189' title='bbox 626 2429 763 2506; x_wconf 86' lang='lat' dir='ltr'><strong>accipiet,</strong></span> <span class='ocrx_word' id='word_1_190' title='bbox 786 2432 821 2486; x_wconf 88' lang='lat' dir='ltr'><strong>ut</strong></span> <span class='ocrx_word' id='word_1_191' title='bbox 841 2427 1022 2505; x_wconf 80' lang='lat' dir='ltr'><strong>Amphitruo</strong></span> <span class='ocrx_word' id='word_1_192' title='bbox 1045 2448 1135 2505; x_wconf 90' lang='lat' dir='ltr'><strong>quam</strong></span> <span class='ocrx_word' id='word_1_193' title='bbox 1157 2429 1295 2508; x_wconf 87' lang='lat' dir='ltr'><strong>Iuppiter</strong></span> <span class='ocrx_word' id='word_1_194' title='bbox 1315 2448 1371 2488; x_wconf 83' lang='lat' dir='ltr'><strong>ease</strong></span> <span class='ocrx_word' id='word_1_195' title='bbox 1455 2491 1456 2500; x_wconf 49' lang='grc'><strong>,</strong></span> 
     </span>
    </p>
   </div>
   <div class='ocr_carea' id='block_1_13' title="bbox 251 2525 1371 2608">
    <p class='ocr_par' dir='ltr' id='par_1_13' title="bbox 251 2525 1371 2608">
     <span class='ocr_line' id='line_1_20' title="bbox 251 2525 1371 2608; baseline -0.001 -18"><span class='ocrx_word' id='word_1_196' title='bbox 251 2531 346 2590; x_wconf 86' lang='lat' dir='ltr'><strong>malit.</strong></span> <span class='ocrx_word' id='word_1_197' title='bbox 368 2559 413 2572; x_wconf 90' lang='lat'><strong>-··</strong></span> <span class='ocrx_word' id='word_1_198' title='bbox 435 2533 506 2590; x_wconf 89' lang='grc'><strong>507.</strong></span> <span class='ocrx_word' id='word_1_199' title='bbox 528 2525 631 2606; x_wconf 74' lang='lat' dir='ltr'><strong>suzim</strong></span> <span class='ocrx_word' id='word_1_200' title='bbox 651 2526 755 2605; x_wconf 77' lang='lat' dir='ltr'><strong>malie,</strong></span> <span class='ocrx_word' id='word_1_201' title='bbox 777 2532 798 2589; x_wconf 90' lang='lat' dir='ltr'><strong>i.</strong></span> <span class='ocrx_word' id='word_1_202' title='bbox 822 2550 847 2588; x_wconf 88' lang='lat' dir='ltr'><strong>e.</strong></span> <span class='ocrx_word' id='word_1_203' title='bbox 871 2532 977 2607; x_wconf 83' lang='lat' dir='ltr'><strong>quovis</strong></span> <span class='ocrx_word' id='word_1_204' title='bbox 1000 2531 1127 2608; x_wconf 77' lang='lat' dir='ltr'><strong>pignore</strong></span> <span class='ocrx_word' id='word_1_205' title='bbox 1151 2529 1326 2590; x_wconf 84' lang='lat' dir='ltr'><strong>contendum</strong></span> <span class='ocrx_word' id='word_1_206' title='bbox 1345 2537 1371 2589; x_wconf 85' lang='lat' dir='ltr'><strong>te</strong></span> 
     </span>
    </p>
   </div>
   <div class='ocr_carea' id='block_1_14' title="bbox 227 2617 1456 2706">
    <p class='ocr_par' dir='ltr' id='par_1_14' title="bbox 227 2617 1456 2706">
     <span class='ocr_line' id='line_1_21' title="bbox 227 2617 1456 2706; baseline -0.002 -14"><span class='ocrx_word' id='word_1_207' title='bbox 227 2617 349 2706; x_wconf 54' lang='lat' dir='ltr'><strong>&#39;mma</strong></span> <span class='ocrx_word' id='word_1_208' title='bbox 373 2632 410 2692; x_wconf 66' lang='lat' dir='ltr'><strong>or.</strong></span> <span class='ocrx_word' id='word_1_209' title='bbox 427 2632 495 2692; x_wconf 76' lang='lat' dir='ltr'><strong>Aul.</strong></span> <span class='ocrx_word' id='word_1_210' title='bbox 514 2618 586 2692; x_wconf 75' lang='lat' dir='ltr'><strong>lec.</strong></span> <span class='ocrx_word' id='word_1_211' title='bbox 609 2633 701 2693; x_wconf 66' lang='lat' dir='ltr'><strong>uero.</strong></span> <span class='ocrx_word' id='word_1_212' title='bbox 720 2634 792 2693; x_wconf 82' lang='lat' dir='ltr'><strong>e14.</strong></span> <span class='ocrx_word' id='word_1_213' title='bbox 815 2633 897 2694; x_wconf 67' lang='lat' dir='ltr'><strong>Pers.</strong></span> <span class='ocrx_word' id='word_1_214' title='bbox 918 2633 968 2694; x_wconf 76' lang='lat' dir='ltr'><strong>re.</strong></span> <span class='ocrx_word' id='word_1_215' title='bbox 991 2633 1074 2692; x_wconf 69' lang='lat' dir='ltr'><strong>run.</strong></span> <span class='ocrx_word' id='word_1_216' title='bbox 1093 2634 1165 2692; x_wconf 76' lang='lat'><strong>221.</strong></span> <span class='ocrx_word' id='word_1_217' title='bbox 1188 2633 1308 2692; x_wconf 68' lang='lat' dir='ltr'><strong>Tmou.</strong></span> <span class='ocrx_word' id='word_1_218' title='bbox 1322 2634 1371 2692; x_wconf 72' lang='lat' dir='ltr'><strong>u:</strong></span> <span class='ocrx_word' id='word_1_219' title='bbox 1455 2699 1456 2702; x_wconf 33' lang='lat'><strong>.</strong></span> 
     </span>
    </p>
   </div>
   <div class='ocr_carea' id='block_1_15' title="bbox 248 2734 1374 4456">
    <p class='ocr_par' dir='ltr' id='par_1_15' title="bbox 248 2734 1374 4456">
     <span class='ocr_line' id='line_1_22' title="bbox 255 2734 1372 2810; baseline 0 -18"><span class='ocrx_word' id='word_1_220' title='bbox 255 2735 355 2810; x_wconf 80' lang='lat' dir='ltr'><strong>,Quos</strong></span> <span class='ocrx_word' id='word_1_221' title='bbox 450 2737 475 2794; x_wconf 90' lang='lat' dir='ltr'><strong>si</strong></span> <span class='ocrx_word' id='word_1_222' title='bbox 497 2734 626 2794; x_wconf 76' lang='lat' dir='ltr'><strong>lauimus</strong></span> <span class='ocrx_word' id='word_1_223' title='bbox 649 2737 792 2808; x_wconf 89' lang='lat' dir='ltr'><strong>conscios,</strong></span> <span class='ocrx_word' id='word_1_224' title='bbox 891 2737 982 2795; x_wconf 82' lang='lat' dir='ltr'><strong>faxim</strong></span> <span class='ocrx_word' id='word_1_225' title='bbox 1004 2736 1143 2794; x_wconf 89' lang='lat' dir='ltr'><strong>lenonum</strong></span> <span class='ocrx_word' id='word_1_226' title='bbox 1166 2740 1197 2793; x_wconf 92' lang='lat' dir='ltr'><strong>et</strong></span> <span class='ocrx_word' id='word_1_227' title='bbox 1214 2741 1372 2795; x_wconf 83' lang='lat' dir='ltr'><strong>scortorum</strong></span> 
     </span>
     <span class='ocr_line' id='line_1_23' title="bbox 253 2833 1372 2915; baseline 0 -19"><span class='ocrx_word' id='word_1_228' title='bbox 253 2833 361 2910; x_wconf 89' lang='lat' dir='ltr'><strong>[multo</strong></span> <span class='ocrx_word' id='word_1_229' title='bbox 383 2833 494 2910; x_wconf 89' lang='lat' dir='ltr'><strong>minus]</strong></span> <span class='ocrx_word' id='word_1_230' title='bbox 516 2835 557 2896; x_wconf 84' lang='lat' dir='ltr'><strong>Et</strong></span> <span class='ocrx_word' id='word_1_231' title='bbox 573 2839 670 2896; x_wconf 88' lang='lat' dir='ltr'><strong>minue</strong></span> <span class='ocrx_word' id='word_1_232' title='bbox 688 2838 899 2898; x_wconf 86' lang='lat' dir='ltr'><strong>damnosorum</strong></span> <span class='ocrx_word' id='word_1_233' title='bbox 915 2837 1078 2910; x_wconf 84' lang='lat' dir='ltr'><strong>hominum,</strong></span> <span class='ocrx_word' id='word_1_234' title='bbox 1099 2855 1188 2915; x_wconf 87' lang='lat' dir='ltr'><strong>quam</strong></span> <span class='ocrx_word' id='word_1_235' title='bbox 1204 2857 1285 2898; x_wconf 86' lang='lat' dir='ltr'><strong>nnnc</strong></span> <span class='ocrx_word' id='word_1_236' title='bbox 1301 2843 1372 2908; x_wconf 84' lang='lat' dir='ltr'><strong>sunt,</strong></span> 
     </span>
     <span class='ocr_line' id='line_1_24' title="bbox 251 2935 1374 3019; baseline -0.002 -19"><span class='ocrx_word' id='word_1_237' title='bbox 251 2935 359 3000; x_wconf 85' lang='lat' dir='ltr'><strong>sient“.</strong></span> <span class='ocrx_word' id='word_1_238' title='bbox 380 2967 416 2980; x_wconf 87' lang='lat'><em>-</em></span> <span class='ocrx_word' id='word_1_239' title='bbox 446 2939 585 3000; x_wconf 83' lang='lat' dir='ltr'><strong>Ceterum</strong></span> <span class='ocrx_word' id='word_1_240' title='bbox 614 2960 716 3000; x_wconf 86' lang='lat' dir='ltr'><strong>versus</strong></span> <span class='ocrx_word' id='word_1_241' title='bbox 743 2941 857 3019; x_wconf 83' lang='lat' dir='ltr'><strong>duplici</strong></span> <span class='ocrx_word' id='word_1_242' title='bbox 884 2939 968 3000; x_wconf 87' lang='lat' dir='ltr'><strong>hiatu</strong></span> <span class='ocrx_word' id='word_1_243' title='bbox 995 2940 1128 3012; x_wconf 80' lang='lat' dir='ltr'><strong>laborat,</strong></span> <span class='ocrx_word' id='word_1_244' title='bbox 1157 2945 1228 3017; x_wconf 91' lang='lat' dir='ltr'><strong>post</strong></span> <span class='ocrx_word' id='word_1_245' title='bbox 1259 2937 1325 3014; x_wconf 85' lang='lat' dir='ltr'><strong>„te“</strong></span> <span class='ocrx_word' id='word_1_246' title='bbox 1348 2944 1374 2998; x_wconf 89' lang='lat' dir='ltr'><strong>et</strong></span> 
     </span>
     <span class='ocr_line' id='line_1_25' title="bbox 249 3041 1372 3122; baseline -0.002 -20"><span class='ocrx_word' id='word_1_247' title='bbox 249 3047 320 3122; x_wconf 88' lang='lat' dir='ltr'><strong>post</strong></span> <span class='ocrx_word' id='word_1_248' title='bbox 346 3041 648 3122; x_wconf 81' lang='lat' dir='ltr'><strong>,Amphitruonem“;</strong></span> <span class='ocrx_word' id='word_1_249' title='bbox 671 3044 718 3104; x_wconf 81' lang='lat' dir='ltr'><strong>Fl.</strong></span> <span class='ocrx_word' id='word_1_250' title='bbox 736 3045 797 3103; x_wconf 79' lang='lat' dir='ltr'><strong>ed:</strong></span> <span class='ocrx_word' id='word_1_251' title='bbox 825 3043 893 3117; x_wconf 84' lang='lat' dir='ltr'><strong>„ted</strong></span> <span class='ocrx_word' id='word_1_252' title='bbox 910 3043 1160 3120; x_wconf 60' lang='lat' dir='ltr'><strong>Mphitrnonem</strong></span> <span class='ocrx_word' id='word_1_253' title='bbox 1181 3043 1270 3102; x_wconf 87' lang='lat' dir='ltr'><strong>malis</strong></span> <span class='ocrx_word' id='word_1_254' title='bbox 1287 3041 1372 3102; x_wconf 84' lang='lat' dir='ltr'><strong>esse“.</strong></span> 
     </span>
     <span class='ocr_line' id='line_1_26' title="bbox 250 3143 1373 3222; baseline 0 -18"><span class='ocrx_word' id='word_1_255' title='bbox 250 3145 361 3204; x_wconf 76' lang='lat' dir='ltr'><strong>Miller</strong></span> <span class='ocrx_word' id='word_1_256' title='bbox 393 3143 523 3219; x_wconf 86' lang='lat' dir='ltr'><strong>„multo“</strong></span> <span class='ocrx_word' id='word_1_257' title='bbox 554 3146 684 3205; x_wconf 88' lang='lat' dir='ltr'><strong>addebat</strong></span> <span class='ocrx_word' id='word_1_258' title='bbox 711 3152 780 3206; x_wconf 88' lang='lat' dir='ltr'><strong>ante</strong></span> <span class='ocrx_word' id='word_1_259' title='bbox 812 3144 945 3219; x_wconf 83' lang='lat' dir='ltr'><strong>,malis“.</strong></span> <span class='ocrx_word' id='word_1_260' title='bbox 968 3175 1012 3186; x_wconf 95' lang='lat'>-</span> <span class='ocrx_word' id='word_1_261' title='bbox 1036 3149 1106 3208; x_wconf 84' lang='grc'><strong>509.</strong></span> <span class='ocrx_word' id='word_1_262' title='bbox 1131 3143 1237 3208; x_wconf 68' lang='lat' dir='ltr'><strong>uuus.</strong></span> <span class='ocrx_word' id='word_1_263' title='bbox 1283 3145 1373 3222; x_wconf 83' lang='lat' dir='ltr'><strong>Scrip-</strong></span> 
     </span>
     <span class='ocr_line' id='line_1_27' title="bbox 250 3247 1373 3328; baseline 0.002 -22"><span class='ocrx_word' id='word_1_264' title='bbox 250 3253 349 3308; x_wconf 87' lang='lat' dir='ltr'><strong>turam</strong></span> <span class='ocrx_word' id='word_1_265' title='bbox 376 3247 511 3308; x_wconf 89' lang='lat' dir='ltr'><strong>codicum</strong></span> <span class='ocrx_word' id='word_1_266' title='bbox 539 3248 695 3309; x_wconf 87' lang='lat' dir='ltr'><strong>confirmat</strong></span> <span class='ocrx_word' id='word_1_267' title='bbox 721 3247 864 3308; x_wconf 83' lang='lat' dir='ltr'><strong>Priscian.</strong></span> <span class='ocrx_word' id='word_1_268' title='bbox 887 3247 942 3322; x_wconf 86' lang='lat' dir='ltr'><strong>VI,</strong></span> <span class='ocrx_word' id='word_1_269' title='bbox 966 3251 1022 3323; x_wconf 86' lang='grc'><strong>73,</strong></span> <span class='ocrx_word' id='word_1_270' title='bbox 1050 3271 1081 3328; x_wconf 88' lang='lat' dir='ltr'><strong>p.</strong></span> <span class='ocrx_word' id='word_1_271' title='bbox 1106 3253 1167 3310; x_wconf 76' lang='lat'><strong>257</strong></span> <span class='ocrx_word' id='word_1_272' title='bbox 1191 3249 1235 3308; x_wconf 87' lang='lat' dir='ltr'><strong>H:</strong></span> <span class='ocrx_word' id='word_1_273' title='bbox 1274 3251 1373 3323; x_wconf 84' lang='lat' dir='ltr'><strong>,etiem</strong></span> 
     </span>
     <span class='ocr_line' id='line_1_28' title="bbox 254 3348 1373 3430; baseline 0.001 -20"><span class='ocrx_word' id='word_1_274' title='bbox 254 3350 359 3425; x_wconf 86' lang='lat' dir='ltr'><strong>„huius</strong></span> <span class='ocrx_word' id='word_1_275' title='bbox 381 3348 493 3411; x_wconf 86' lang='lat' dir='ltr'><strong>lectns“</strong></span> <span class='ocrx_word' id='word_1_276' title='bbox 519 3351 717 3429; x_wconf 71' lang='lat' dir='ltr'><strong>antiquissimi</strong></span> <span class='ocrx_word' id='word_1_277' title='bbox 738 3351 948 3430; x_wconf 84' lang='lat' dir='ltr'><strong>protulerunt·</strong></span> <span class='ocrx_word' id='word_1_278' title='bbox 972 3351 1148 3414; x_wconf 81' lang='lat' dir='ltr'><strong>Cornificius</strong></span> <span class='ocrx_word' id='word_1_279' title='bbox 1170 3353 1234 3412; x_wconf 90' lang='lat' dir='ltr'><strong>inl</strong></span> <span class='ocrx_word' id='word_1_280' title='bbox 1257 3353 1296 3412; x_wconf 87' lang='lat' dir='ltr'><strong>de</strong></span> <span class='ocrx_word' id='word_1_281' title='bbox 1317 3359 1373 3430; x_wconf 70' lang='lat' dir='ltr'><strong>etp·</strong></span> 
     </span>
     <span class='ocr_line' id='line_1_29' title="bbox 250 3453 1373 3533; baseline 0.002 -21"><span class='ocrx_word' id='word_1_282' title='bbox 250 3457 307 3513; x_wconf 88' lang='lat' dir='ltr'><strong>mis</strong></span> <span class='ocrx_word' id='word_1_283' title='bbox 329 3455 468 3515; x_wconf 86' lang='lat' dir='ltr'><strong>deornm:</strong></span> <span class='ocrx_word' id='word_1_284' title='bbox 501 3454 579 3533; x_wconf 86' lang='lat' dir='ltr'><strong>ipsis</strong></span> <span class='ocrx_word' id='word_1_285' title='bbox 602 3473 673 3512; x_wconf 84' lang='lat' dir='ltr'><strong>vero</strong></span> <span class='ocrx_word' id='word_1_286' title='bbox 694 3453 735 3513; x_wconf 87' lang='lat' dir='ltr'><strong>ad</strong></span> <span class='ocrx_word' id='word_1_287' title='bbox 756 3453 885 3514; x_wconf 79' lang='lat' dir='ltr'><strong>Cerei-is-</strong></span> <span class='ocrx_word' id='word_1_288' title='bbox 900 3457 1050 3515; x_wconf 75' lang='lat' dir='ltr'><strong>memorie</strong></span> <span class='ocrx_word' id='word_1_289' title='bbox 1077 3455 1224 3516; x_wconf 80' lang='lat' dir='ltr'><strong>novandas</strong></span> <span class='ocrx_word' id='word_1_290' title='bbox 1252 3458 1373 3531; x_wconf 72' lang='lat' dir='ltr'><strong>gratim</strong></span> 
     </span>
     <span class='ocr_line' id='line_1_30' title="bbox 250 3556 1372 3634; baseline -0.002 -18"><span class='ocrx_word' id='word_1_291' title='bbox 250 3557 344 3616; x_wconf 78' lang='lat' dir='ltr'><strong>lectur</strong></span> <span class='ocrx_word' id='word_1_292' title='bbox 377 3561 563 3616; x_wconf 86' lang='lat' dir='ltr'><strong>sternuntur.</strong></span> <span class='ocrx_word' id='word_1_293' title='bbox 606 3556 732 3616; x_wconf 78' lang='lat' dir='ltr'><strong>Plautus</strong></span> <span class='ocrx_word' id='word_1_294' title='bbox 759 3559 792 3616; x_wconf 90' lang='lat' dir='ltr'><strong>in</strong></span> <span class='ocrx_word' id='word_1_295' title='bbox 817 3556 1042 3634; x_wconf 79' lang='lat' dir='ltr'><strong>Amphitrione:</strong></span> <span class='ocrx_word' id='word_1_296' title='bbox 1077 3559 1171 3631; x_wconf 80' lang='lat' dir='ltr'><strong>Quam</strong></span> <span class='ocrx_word' id='word_1_297' title='bbox 1205 3557 1300 3618; x_wconf 83' lang='lat' dir='ltr'><strong>lectus</strong></span> <span class='ocrx_word' id='word_1_298' title='bbox 1328 3558 1372 3617; x_wconf 91' lang='lat' dir='ltr'><strong>ubi</strong></span> 
     </span>
     <span class='ocr_line' id='line_1_31' title="bbox 250 3656 1371 3736; baseline 0 -16"><span class='ocrx_word' id='word_1_299' title='bbox 250 3659 382 3720; x_wconf 88' lang='lat' dir='ltr'><strong>cubuisti</strong></span> <span class='ocrx_word' id='word_1_300' title='bbox 411 3659 561 3719; x_wconf 84' lang='lat' dir='ltr'><strong>concaluit</strong></span> <span class='ocrx_word' id='word_1_301' title='bbox 585 3656 701 3718; x_wconf 84' lang='lat' dir='ltr'><strong>locus“.</strong></span> <span class='ocrx_word' id='word_1_302' title='bbox 744 3659 847 3718; x_wconf 89' lang='lat' dir='ltr'><strong>Etiam</strong></span> <span class='ocrx_word' id='word_1_303' title='bbox 869 3661 901 3718; x_wconf 93' lang='lat' dir='ltr'><strong>in</strong></span> <span class='ocrx_word' id='word_1_304' title='bbox 922 3659 1006 3720; x_wconf 89' lang='lat' dir='ltr'><strong>Trin.</strong></span> <span class='ocrx_word' id='word_1_305' title='bbox 1031 3662 1090 3720; x_wconf 83' lang='lat'><strong>651</strong></span> <span class='ocrx_word' id='word_1_306' title='bbox 1116 3680 1154 3720; x_wconf 84' lang='lat' dir='ltr'><strong>ex</strong></span> <span class='ocrx_word' id='word_1_307' title='bbox 1175 3661 1310 3736; x_wconf 76' lang='lat' dir='ltr'><strong>vestigiis</strong></span> <span class='ocrx_word' id='word_1_308' title='bbox 1330 3681 1371 3720; x_wconf 87' lang='lat' dir='ltr'><strong>oo·</strong></span> 
     </span>
     <span class='ocr_line' id='line_1_32' title="bbox 250 3758 1370 3842; baseline -0.001 -20"><span class='ocrx_word' id='word_1_309' title='bbox 250 3761 372 3822; x_wconf 87' lang='lat' dir='ltr'><strong>dicieB</strong></span> <span class='ocrx_word' id='word_1_310' title='bbox 403 3758 582 3837; x_wconf 86' lang='lat' dir='ltr'><strong>(intellectu)</strong></span> <span class='ocrx_word' id='word_1_311' title='bbox 620 3763 671 3834; x_wconf 89' lang='lat' dir='ltr'><strong>,in</strong></span> <span class='ocrx_word' id='word_1_312' title='bbox 698 3759 797 3822; x_wconf 82' lang='lat' dir='ltr'><strong>leolu“</strong></span> <span class='ocrx_word' id='word_1_313' title='bbox 834 3761 923 3821; x_wconf 89' lang='lat' dir='ltr'><strong>scribi</strong></span> <span class='ocrx_word' id='word_1_314' title='bbox 955 3768 1067 3839; x_wconf 84' lang='lat' dir='ltr'><strong>potest.</strong></span> <span class='ocrx_word' id='word_1_315' title='bbox 1112 3763 1202 3842; x_wconf 81' lang='lat' dir='ltr'><strong>Apud</strong></span> <span class='ocrx_word' id='word_1_316' title='bbox 1230 3762 1370 3834; x_wconf 76' lang='lat' dir='ltr'><strong>Senecam,</strong></span> 
     </span>
     <span class='ocr_line' id='line_1_33' title="bbox 249 3853 1372 3942; baseline 0 -18"><span class='ocrx_word' id='word_1_317' title='bbox 249 3861 306 3940; x_wconf 85' lang='lat' dir='ltr'><strong>Ep.</strong></span> <span class='ocrx_word' id='word_1_318' title='bbox 326 3866 376 3938; x_wconf 84' lang='grc'><strong>95,</strong></span> <span class='ocrx_word' id='word_1_319' title='bbox 395 3866 444 3937; x_wconf 80' lang='lat'><strong>⁷2,</strong></span> <span class='ocrx_word' id='word_1_320' title='bbox 468 3865 679 3924; x_wconf 82' lang='lat' dir='ltr'><strong>verisimilius</strong></span> <span class='ocrx_word' id='word_1_321' title='bbox 702 3870 748 3923; x_wconf 88' lang='lat' dir='ltr'><strong>eet</strong></span> <span class='ocrx_word' id='word_1_322' title='bbox 772 3862 901 3937; x_wconf 86' lang='lat' dir='ltr'><strong>„lectos“</strong></span> <span class='ocrx_word' id='word_1_323' title='bbox 927 3866 1071 3942; x_wconf 87' lang='lat' dir='ltr'><strong>scriptum</strong></span> <span class='ocrx_word' id='word_1_324' title='bbox 1094 3865 1202 3939; x_wconf 64' lang='lat' dir='ltr'><strong>misae,</strong></span> <span class='ocrx_word' id='word_1_325' title='bbox 1224 3865 1284 3925; x_wconf 87' lang='lat' dir='ltr'><strong>nisi</strong></span> <span class='ocrx_word' id='word_1_326' title='bbox 1304 3853 1372 3924; x_wconf 80' lang='lat' dir='ltr'><strong>forte</strong></span> 
     </span>
     <span class='ocr_line' id='line_1_34' title="bbox 249 3965 1370 4046; baseline 0.003 -22"><span class='ocrx_word' id='word_1_327' title='bbox 249 3969 282 4026; x_wconf 90' lang='lat' dir='ltr'><strong>in</strong></span> <span class='ocrx_word' id='word_1_328' title='bbox 303 3985 336 4024; x_wconf 90' lang='lat' dir='ltr'><strong>re</strong></span> <span class='ocrx_word' id='word_1_329' title='bbox 359 3965 460 4025; x_wconf 86' lang='lat' dir='ltr'><strong>divina</strong></span> <span class='ocrx_word' id='word_1_330' title='bbox 483 3968 607 4045; x_wconf 82' lang='lat' dir='ltr'><strong>antiqua</strong></span> <span class='ocrx_word' id='word_1_331' title='bbox 629 3969 726 4028; x_wconf 89' lang='lat' dir='ltr'><strong>forma</strong></span> <span class='ocrx_word' id='word_1_332' title='bbox 747 3972 868 4026; x_wconf 83' lang='lat' dir='ltr'><strong>servata</strong></span> <span class='ocrx_word' id='word_1_333' title='bbox 888 3972 943 4026; x_wconf 86' lang='lat' dir='ltr'><strong>eat.</strong></span> <span class='ocrx_word' id='word_1_334' title='bbox 977 3966 1036 4027; x_wconf 85' lang='lat' dir='ltr'><strong>Sed</strong></span> <span class='ocrx_word' id='word_1_335' title='bbox 1052 3969 1170 4026; x_wconf 85' lang='lat' dir='ltr'><strong>numeri</strong></span> <span class='ocrx_word' id='word_1_336' title='bbox 1185 3968 1216 4028; x_wconf 93' lang='lat' dir='ltr'><strong>h.</strong></span> <span class='ocrx_word' id='word_1_337' title='bbox 1235 3968 1255 4028; x_wconf 91' lang='lat' dir='ltr'><strong>l.</strong></span> <span class='ocrx_word' id='word_1_338' title='bbox 1274 3987 1370 4046; x_wconf 87' lang='lat' dir='ltr'><strong>parum</strong></span> 
     </span>
     <span class='ocr_line' id='line_1_35' title="bbox 248 4069 1368 4149; baseline 0.001 -23"><span class='ocrx_word' id='word_1_339' title='bbox 248 4069 382 4148; x_wconf 87' lang='lat' dir='ltr'><strong>placent,</strong></span> <span class='ocrx_word' id='word_1_340' title='bbox 416 4088 485 4128; x_wconf 90' lang='lat' dir='ltr'><strong>nam</strong></span> <span class='ocrx_word' id='word_1_341' title='bbox 518 4077 644 4147; x_wconf 85' lang='lat' dir='ltr'><strong>quartus</strong></span> <span class='ocrx_word' id='word_1_342' title='bbox 677 4090 731 4149; x_wconf 86' lang='lat' dir='ltr'><strong>pes</strong></span> <span class='ocrx_word' id='word_1_343' title='bbox 763 4069 1045 4148; x_wconf 71' lang='lat' dir='ltr'><strong>proceleusmaticus</strong></span> <span class='ocrx_word' id='word_1_344' title='bbox 1079 4075 1139 4144; x_wconf 73' lang='lat' dir='ltr'><strong>est,</strong></span> <span class='ocrx_word' id='word_1_345' title='bbox 1169 4091 1264 4148; x_wconf 90' lang='lat' dir='ltr'><strong>quare</strong></span> <span class='ocrx_word' id='word_1_346' title='bbox 1290 4071 1368 4130; x_wconf 82' lang='lat' dir='ltr'><strong>Both.</strong></span> 
     </span>
     <span class='ocr_line' id='line_1_36' title="bbox 249 4169 1369 4249; baseline 0.002 -19"><span class='ocrx_word' id='word_1_347' title='bbox 249 4171 440 4249; x_wconf 86' lang='lat' dir='ltr'><strong>transpositis</strong></span> <span class='ocrx_word' id='word_1_348' title='bbox 472 4171 585 4230; x_wconf 82' lang='lat' dir='ltr'><strong>verbis:</strong></span> <span class='ocrx_word' id='word_1_349' title='bbox 624 4171 694 4245; x_wconf 91' lang='lat' dir='ltr'><strong>,nbi</strong></span> <span class='ocrx_word' id='word_1_350' title='bbox 722 4172 860 4246; x_wconf 89' lang='lat' dir='ltr'><strong>cubuisti,</strong></span> <span class='ocrx_word' id='word_1_351' title='bbox 887 4169 1014 4245; x_wconf 85' lang='lat' dir='ltr'><strong>lectus“,</strong></span> <span class='ocrx_word' id='word_1_352' title='bbox 1043 4171 1090 4232; x_wconf 75' lang='grc' dir='ltr'><strong>ΓΙ.</strong></span> <span class='ocrx_word' id='word_1_353' title='bbox 1121 4171 1227 4246; x_wconf 85' lang='lat' dir='ltr'><strong>,lecti“</strong></span> <span class='ocrx_word' id='word_1_354' title='bbox 1261 4172 1307 4232; x_wconf 89' lang='lat' dir='ltr'><strong>ed.</strong></span> <span class='ocrx_word' id='word_1_355' title='bbox 1333 4201 1369 4212; x_wconf 94' lang='lat'><strong>-·</strong></span> 
     </span>
     <span class='ocr_line' id='line_1_37' title="bbox 250 4267 1368 4355; baseline 0.001 -21"><span class='ocrx_word' id='word_1_356' title='bbox 250 4276 323 4334; x_wconf 88' lang='grc'><strong>510.</strong></span> <span class='ocrx_word' id='word_1_357' title='bbox 335 4267 423 4348; x_wconf 63' lang='lat' dir='ltr'><strong>Heri,</strong></span> <span class='ocrx_word' id='word_1_358' title='bbox 435 4279 470 4333; x_wconf 88' lang='lat' dir='ltr'><strong>nt</strong></span> <span class='ocrx_word' id='word_1_359' title='bbox 480 4275 540 4333; x_wconf 90' lang='lat' dir='ltr'><strong>elia</strong></span> <span class='ocrx_word' id='word_1_360' title='bbox 551 4273 696 4334; x_wconf 81' lang='lat' dir='ltr'><strong>vocabula</strong></span> <span class='ocrx_word' id='word_1_361' title='bbox 710 4273 849 4348; x_wconf 89' lang='lat' dir='ltr'><strong>iambica,</strong></span> <span class='ocrx_word' id='word_1_362' title='bbox 867 4276 1002 4334; x_wconf 87' lang='lat' dir='ltr'><strong>ultimam</strong></span> <span class='ocrx_word' id='word_1_363' title='bbox 1020 4275 1155 4354; x_wconf 89' lang='lat' dir='ltr'><strong>corripit,</strong></span> <span class='ocrx_word' id='word_1_364' title='bbox 1172 4295 1229 4334; x_wconf 90' lang='lat' dir='ltr'><strong>nec</strong></span> <span class='ocrx_word' id='word_1_365' title='bbox 1246 4295 1326 4355; x_wconf 85' lang='lat' dir='ltr'><strong>opus,</strong></span> <span class='ocrx_word' id='word_1_366' title='bbox 1341 4281 1368 4335; x_wconf 88' lang='lat' dir='ltr'><strong>nt</strong></span> 
     </span>
     <span class='ocr_line' id='line_1_38' title="bbox 249 4371 1366 4456; baseline 0.002 -22"><span class='ocrx_word' id='word_1_367' title='bbox 249 4376 333 4436; x_wconf 88' lang='lat' dir='ltr'><strong>eade</strong></span> <span class='ocrx_word' id='word_1_368' title='bbox 345 4396 434 4435; x_wconf 83' lang='lat' dir='ltr'><strong>cansa</strong></span> <span class='ocrx_word' id='word_1_369' title='bbox 444 4371 515 4435; x_wconf 77' lang='lat' dir='ltr'><strong>here</strong></span> <span class='ocrx_word' id='word_1_370' title='bbox 525 4376 687 4450; x_wconf 80' lang='lat' dir='ltr'><strong>scribatur3</strong></span> <span class='ocrx_word' id='word_1_371' title='bbox 698 4377 751 4436; x_wconf 88' lang='lat' dir='ltr'><strong>sed</strong></span> <span class='ocrx_word' id='word_1_372' title='bbox 763 4397 811 4436; x_wconf 87' lang='lat' dir='ltr'><strong>res</strong></span> <span class='ocrx_word' id='word_1_373' title='bbox 821 4379 908 4456; x_wconf 82' lang='lat' dir='ltr'><strong>parvi</strong></span> <span class='ocrx_word' id='word_1_374' title='bbox 918 4380 1060 4437; x_wconf 85' lang='lat' dir='ltr'><strong>momenti</strong></span> <span class='ocrx_word' id='word_1_375' title='bbox 1069 4383 1124 4452; x_wconf 85' lang='lat' dir='ltr'><strong>est,</strong></span> <span class='ocrx_word' id='word_1_376' title='bbox 1133 4378 1282 4456; x_wconf 89' lang='lat' dir='ltr'><strong>siquidem</strong></span> <span class='ocrx_word' id='word_1_377' title='bbox 1290 4379 1366 4452; x_wconf 77' lang='lat' dir='ltr'><strong>Quin·</strong></span> 
     </span>
    </p>
   </div>
   <div class='ocr_carea' id='block_1_16' title="bbox 0 0 1484 5038">
    <p class='ocr_par' dir='ltr' id='par_1_16' title="bbox 0 0 1484 5038">
     <span class='ocr_line' id='line_1_39' title="bbox 0 0 1484 5038; baseline 0 0"><span class='ocrx_word' id='word_1_378' title='bbox 0 0 1484 5038; x_wconf 95' lang='lat' dir='ltr'><strong> </strong></span> 
     </span>
    </p>
   </div>
  </div>
 </body>
</html>
