2968 5030
240 485 302 548 322
734 483 871 536 Arimi*

238 677 332 748 veris,
360 675 393 734 id
420 695 477 754 pro
505 675 634 748 doceto,
663 695 723 736 non
750 695 806 753 pro
834 675 1022 736 commodeto
1044 677 1115 748 erit,
1139 695 1194 735 neo
1214 680 1260 734 eet
1283 671 1362 750 quod

238 777 295 836 tibi
318 777 467 837 redditum
491 779 527 837 iri
551 797 663 856 speres.
688 807 726 820 ·-
751 781 822 838 443.
850 775 955 852 „odim
984 779 1090 838 odiose
1116 774 1360 856 importunitate*

238 879 343 940 Lemb.
378 879 507 940 ceule.
532 881 603 940 918.
627 881 733 940 Beoch.
747 883 823 940 209:
850 881 935 952 ,Non
958 901 1015 954 res,
1038 881 1091 940 sed
1112 887 1196 940 ector
1217 880 1290 940 mihi
1313 897 1363 936 cor

237 981 307 1040 odio
329 981 473 1042 mucio&
517 983 595 1042 Rnd.
620 985 698 1043 944:
724 1003 789 1056 ,me
810 983 881 1042 odio
903 983 1033 1042 enicat
1079 983 1166 1042 Truc.
1192 985 1259 1042 122.
1294 981 1362 1038 Ter.

236 1084 356 1144 Phorm.
381 1087 457 1144 349:
485 1085 669 1162 ,Numquam
691 1093 725 1144 tu
748 1085 817 1144 odio
839 1091 894 1144 tuo
915 1106 962 1144 me
984 1087 1116 1146 uiuoee“.
1162 1085 1221 1144 Cic.
1244 1084 1361 1144 Cluent.

239 1189 294 1260 39,
321 1189 395 1246 109:
433 1187 537 1260 ,Quod
566 1195 631 1246 ent
658 1187 780 1246 odium?
808 1207 874 1266 quse
902 1187 1083 1267 superbie?“
1108 1219 1153 1228 —
1174 1182 1274 1257 Hace,
1299 1181 1364 1242 ium

236 1285 327 1363 saite,
351 1289 394 1362 tu,
416 1291 458 1348 sic
482 1291 559 1348 enim
582 1289 862 1368 interpungendum,
888 1293 907 1348 i.
926 1312 951 1350 e.
971 1291 1051 1350 Heus
1069 1299 1112 1363 tu,
1135 1293 1193 1350 inm
1215 1291 1286 1348 setis
1305 1293 1361 1344 est.

236 1391 291 1450 Hie
306 1391 437 1450 Libeuue
454 1387 576 1464 veritus,
600 1413 637 1450 ne
659 1400 816 1466 mercator,
839 1401 874 1452 ut
896 1393 981 1465 dixit,
1005 1393 1101 1464 obest,
1125 1393 1287 1453 Leonidam
1311 1389 1363 1447 ed·

236 1499 346 1552 monet.
379 1495 514 1572 Apparet
537 1513 586 1554 coe
609 1497 689 1554 inter
710 1516 741 1554 ee
763 1495 824 1554 heo
842 1496 935 1573 loqui,
954 1515 1013 1554 non
1030 1495 1172 1554 audiente
1188 1499 1361 1554 mercatore.

323 1597 394 1656 445.
419 1593 529 1656 adeum
553 1598 760 1672 optumumst,
784 1599 803 1656 i.
828 1618 853 1656 c.
878 1605 1032 1674 optumum
1055 1605 1108 1670 eet,
1131 1603 1164 1655 ut
1188 1597 1297 1668 edeam,
1323 1593 1360 1650 ci.

235 1699 303 1758 Aul.
330 1702 406 1756 557:
439 1705 609 1776 ,optumum
639 1707 684 1758 eet
712 1700 790 1758 loces
817 1699 1039 1760 eciemndum“.
1085 1699 1174 1776 Epid.
1198 1701 1250 1758 60:
1282 1693 1361 1768 ,Sed

235 1809 349 1860 teoeem
374 1801 587 1878 optumumst“.
626 1801 706 1860 Men.
727 1805 804 1860 927:
832 1803 918 1874 ,Scin
937 1803 1010 1878 quid
1032 1802 1122 1860 secius
1145 1795 1358 1880 optumumst‘.

235 1903 313 1964 Rud.
338 1907 414 1962 377:
455 1903 620 1980 ,i'epillum
653 1908 827 1982 promittam
861 1903 1078 1982 optumumst“.
1134 1903 1195 1962 Nec
1228 1900 1359 1962 absimile

235 2005 341 2065 Bacch.
356 2007 433 2066 987:
461 2007 592 2076 ,Iustum
616 2011 662 2064 eet
684 2013 754 2065 tuuc
776 2007 831 2064 tibi
854 2027 957 2066 seruos
975 2013 1028 2066 tuo
1048 2006 1196 2064 arbitratu
1218 2001 1356 2076 seruiut“.

238 2137 275 2148 -
313 2105 445 2182 tinnire,
475 2110 494 2168 i.
518 2129 543 2166 e.
573 2109 729 2186 strepitum
758 2109 869 2182 fecere,
898 2111 934 2168 cf.
959 2109 1056 2168 Cesin.
1082 2111 1158 2168 228:
1194 2109 1358 2184 „conprime

233 2217 278 2282 te:
302 2211 425 2270 nimium
447 2208 570 2268 tinnis“.
602 2210 709 2268 Pseud.
730 2213 801 2270 893.
822 2243 860 2252 -
882 2215 953 2270 446.
978 2207 1054 2270 milii
1077 2227 1202 2287 operam
1225 2206 1290 2282 dus,
1311 2228 1357 2267 me
1411 2195 1415 2204 ’

236 2313 338 2386 cudis,
370 2313 628 2372 cs.Meu.1088.
674 2313 755 2372 Trio.
781 2317 851 2374 897.
897 2315 963 2372 Ter.
988 2313 1063 2372 Eun.
1090 2317 1139 2372 44.
1169 2314 1207 2372 el.
1251 2312 1356 2370 Versus

236 2437 324 2476 cause
347 2415 433 2474 Both.
457 2413 501 2474 mi
522 2415 670 2474 scribebat
692 2421 722 2474 et
745 2437 814 2476 mox
836 2411 933 2491 Hecu,
961 2423 1119 2493 utrumque
1142 2435 1206 2474 cum
1230 2414 1355 2472 elisione.
1459 2454 1460 2461 .

235 2517 409 2577 Fleckeisen
435 2519 557 2576 verbum
583 2515 642 2578 das
664 2519 830 2578 omittebat.
854 2551 896 2560 —
919 2521 990 2578 447.
1016 2515 1152 2578 nouitio
1174 2517 1354 2590 corusce

236 2621 318 2694 mihi,
338 2627 372 2680 ut
390 2623 468 2680 471:
495 2641 600 2694 ,crure
623 2620 849 2695 defringenturt
870 2643 910 2681 so.
928 2622 993 2681 tibi.
1010 2651 1054 2662 -
1071 2623 1142 2680 449.
1167 2616 1274 2698 Neyat
1294 2633 1358 2679 esse

235 2721 345 2784 intus?
374 2745 413 2784 eo.
439 2723 578 2782 Libanus.
624 2723 832 2800 interrogandi
861 2727 977 2800 signum
1006 2725 1109 2802 poeui3
1143 2743 1212 2781 nem
1240 2740 1357 2796 negasse

235 2827 291 2886 hoc
315 2847 380 2884 eum
404 2846 430 2884 v.
456 2827 516 2884 390
541 2825 688 2884 Leonides
716 2827 852 2902 ignorare
880 2826 975 2884 debet.
999 2855 1042 2866 -
1065 2829 1136 2885 451.
1164 2819 1357 2901 ,Repromit

238 2931 302 2988 tam
330 2929 385 2988 tibi
409 2931 555 2986 neminem
579 2927 705 3005 emplius
734 2931 793 2988 isto
822 2931 941 2988 nomine
963 2925 1157 3007 petiturum“.
1193 2927 1297 2986 Lemb.
1319 2955 1358 2966 -

237 3025 371 3092 solutam
399 3047 478 3104 rem,
508 3031 543 3088 os.
568 3032 639 3088 217.
668 3059 712 3070 -
739 3034 811 3090 452.
836 3026 890 3091 Sic
909 3029 1035 3107 potine,
1064 3051 1102 3090 sc.
1127 3049 1221 3106 egum.
1245 3059 1287 3070 —-
1309 3023 1359 3087 tibi

235 3135 315 3192 iuter
343 3133 491 3192 ablativos
522 3135 739 3209 cousequeutiae
768 3135 984 3212 interponitur,
1007 3140 1041 3192 ut
1063 3136 1093 3192 in
1115 3134 1254 3211 proximo
1275 3151 1359 3190 versu

235 3231 315 3296 huic.
343 3267 381 3276 -
406 3237 476 3294 453.
501 3229 591 3294 Erus
619 3214 724 3295 iutuitu
751 3233 840 3295 nouit
869 3243 925 3296 eto.
971 3237 1060 3309 Quasi
1093 3236 1161 3296 inde
1195 3236 1358 3294 necessario

236 3359 348 3398 summa
378 3335 486 3396 fiducia
519 3340 648 3410 orietur,
683 3339 729 3396 his
762 3339 860 3398 verbis
888 3339 1021 3398 Libanus
1053 3341 1214 3398 mercatori
1248 3337 1358 3408 suadet,

235 3447 270 3500 ut
298 3439 441 3500 Leonidae
474 3442 627 3516 pecuniam
662 3441 774 3500 credat.
820 3441 863 3500 Cf.
887 3441 978 3500 Most.
1004 3444 1074 3501 881.
1105 3471 1146 3480 -
1180 3443 1253 3500 454.
1277 3437 1359 3518 peri·

236 3537 304 3602 (mlo
332 3543 402 3600 olim
426 3543 624 3602 emendatum.
650 3573 693 3584 -
720 3537 881 3618 exhibebo,
903 3543 1062 3620 prestabo.
1086 3573 1128 3584 -·
1151 3546 1223 3602 456.
1249 3540 1303 3620 qui
1323 3543 1358 3613 B;
1456 3591 1457 3596 ,

236 3643 303 3702 edd.
328 3665 394 3702 cum
418 3648 523 3704 ceteris
541 3645 626 3704 codd.
647 3643 732 3723 quot:
755 3646 801 3706 Fi.
824 3648 893 3723 ,qui
910 3645 1009 3704 huic“.
1051 3643 1149 3706 credit
1170 3647 1243 3705 olim
1267 3665 1358 3704 emen·
1456 3657 1457 3660 ’

236 3745 347 3806 datum.
394 3745 674 3822 oeconomorum,
697 3749 757 3808 vid.
776 3749 883 3827 Amph.
905 3752 975 3808 665.
998 3779 1041 3788 -—
1064 3752 1134 3807 457.
1158 3742 1234 3808 Non
1256 3744 1360 3826 mapui

232 3845 346 3925 pendo.
396 3849 469 3907 Post
502 3851 564 3908 haeo
599 3871 718 3910 necesse
752 3859 798 3910 est
831 3853 919 3929 plene
952 3853 1196 3928 interpungstur3
1232 3852 1359 3928 alioquin

236 3971 295 4009 non
328 3967 367 4010 ne
400 3947 467 4010 (luit
500 3955 642 4028 scriptum
676 3961 768 4026 esset,
803 3955 854 4012 sed
888 3975 975 4026 ,num
1005 3953 1101 4012 duit“.
1130 3985 1173 3994 -
1200 3951 1247 4013 sic
1273 3953 1358 4026 astet,

235 4053 254 4110 i.
280 4073 304 4110 e.
334 4071 399 4112 oum
428 4062 550 4128 argento
579 4061 747 4133 expectans.
777 4087 819 4098 -
848 4059 919 4116 459.
950 4073 987 4116 ac
1014 4059 1114 4116 omisit
1135 4056 1180 4114 Fi.
1204 4057 1291 4116 mele.
1319 4085 1359 4095 -

237 4155 307 4214 460.
332 4149 427 4216 liabeo
450 4155 488 4228 B,
518 4157 554 4214 ub
584 4159 678 4216 altera
706 4179 796 4217 manu
820 4157 1031 4232 (Camerarii‘t)
1061 4155 1174 4220 habebo
1197 4166 1357 4220 correctum
1455 4167 1456 4195 ³

238 4261 299 4330 ost,
324 4257 413 4334 idque
438 4257 586 4320 editorum
608 4261 743 4338 plerique
765 4267 940 4336 tenuerunt,
964 4265 1106 4322 orationis
1129 4261 1250 4339 quidem
1275 4281 1357 4320 cause

236 4377 296 4416 uon
319 4361 534 4432 necessarium,
564 4361 599 4418 cf.
624 4363 731 4440 Amph.
757 4366 833 4436 7143
863 4384 966 4424 versus
996 4372 1094 4424 eutem
1122 4371 1156 4424 ut
1185 4368 1358 4426 restit-uetur

235 4455 323 4516 Both.
347 4457 392 4516 Fl.
416 4465 531 4517 mutato
554 4461 672 4520 ordine:
707 4465 794 4537 „dum
820 4467 940 4542 quidem
962 4469 993 4525 in
1016 4489 1104 4526 manu
1127 4470 1191 4546 ipse
1214 4467 1355 4528 hebeb0“.
