2968 5030
556 515 590 572 V·
608 515 754 572 867-876.
1160 522 1223 584 429

88 707 262 788 proelium
285 697 497 790 expectabatur
523 708 706 790 „quotidio“.
739 710 822 769 Iusto
845 711 984 770 licentius
1007 711 1100 770 foret:
1128 710 1223 785 „Eum

89 813 191 873 sedere
212 813 366 874 bominem
388 816 421 874 in
443 819 550 875 senatu
572 819 625 874 aut
648 814 720 873 dare
743 832 865 890 operam
888 811 1086 874 cluentibus“.
1125 814 1223 894 Magis

89 896 235 993 placeret}
265 917 393 992 ,Totum
412 917 491 977 diem
509 918 658 977 bominem
680 921 786 975 senatu
808 914 879 974 dare
903 934 1024 992 operam
1048 922 1101 976 aut
1123 919 1224 978 cluen-

88 1015 198 1078 tibus“.
222 1049 268 1060 --
291 1021 363 1080 864.
386 1014 467 1096 foris
489 1035 589 1098 opere,
612 1021 655 1080 sic
671 1018 760 1078 Both.
783 1037 888 1077 versus
911 1037 999 1078 causa
1020 1022 1222 1098 transposuit,

89 1121 148 1180 Fl:
176 1121 297 1200 „Opere
312 1123 376 1183 illic
391 1119 501 1197 foris“;
518 1123 646 1183 fortasse
663 1125 771 1181 neutro
790 1139 874 1198 opus.
909 1120 983 1180 Post
998 1121 1092 1182 acciu
1108 1123 1224 1199 hietus;

89 1221 172 1282 Both.
190 1222 342 1297 „noctud“
353 1249 360 1299 ;
372 1225 418 1294 El.
435 1226 492 1299 ,ad
503 1223 569 1286 ms“
585 1225 653 1284 add.
666 1255 710 1265 —
720 1223 863 1282 (luterum
875 1237 967 1300 opere
977 1217 1138 1300 faciunda
1150 1221 1224 1302 frtu-

90 1320 163 1385 dum
181 1327 258 1388 arat
279 1333 335 1388 etc.
357 1328 506 1388 vocabula
522 1329 559 1388 ab
578 1345 650 1404 agro
667 1326 791 1386 colendo
810 1326 848 1384 ad
866 1326 1054 1387 concubitum
1074 1331 1225 1389 translata

90 1446 168 1487 more
184 1429 259 1490 inde
278 1430 316 1489 ab
332 1431 465 1508 antiquis
477 1429 588 1491 Grecis
606 1433 726 1502 usitato,
741 1429 777 1488 cf.
790 1429 911 1488 Trucul.
927 1431 986 1489 148
1000 1450 1065 1509 sqq.
1078 1463 1122 1472 -
1131 1426 1224 1507 fumi-

91 1524 209 1608 liarom,
225 1532 431 1608 domesticum,
444 1553 538 1606 suum,
552 1533 735 1592 contrarium
750 1533 876 1610 ponitur
892 1532 999 1591 aliano.
1012 1563 1055 1573 -
1068 1535 1139 1594 866.
1159 1550 1225 1596 cor·

89 1633 211 1708 nctus,
230 1636 251 1694 i.
270 1657 295 1694 e.
315 1639 476 1714 postquam
494 1638 560 1714 ipss
583 1640 741 1712 corruptus
764 1639 819 1694 est.
842 1665 887 1674 -
910 1637 981 1694 867.
1003 1651 1053 1696 me
1076 1641 1106 1694 et
1124 1636 1149 1694 B
1167 1658 1223 1697 sec.

91 1755 165 1794 man.
185 1741 217 1796 et
234 1743 306 1798 cett.
318 1769 361 1780 --
374 1741 445 1799 870.
466 1753 535 1798 oum
552 1753 676 1812 emona,
693 1741 729 1796 ut
740 1738 895 1797 convivam
907 1737 1041 1812 decebat,
1060 1758 1087 1796 v.
1100 1737 1224 1813 Becker,

92 1835 450 1920 ua11.111,p.244sqq.
471 1870 508 1882 -
529 1837 697 1901 &uideo-3.
727 1839 885 1900 Sententia
902 1839 1117 1900 condicionalis
1134 1844 1226 1902 semal

91 1941 189 2016 posita
204 1943 307 2002 verbis
322 1944 446 2021 paulum
463 1945 589 2004 mutatis
605 1947 764 2022 repetitur,
782 1943 820 2001 cf.
839 1942 958 2002 Terent.
971 1942 1090 2002 Phorm.
1107 1945 1143 2002 15
1163 1965 1223 2023 sq.:

94 2041 205 2114 ,Uetus
228 2047 257 2104 si
277 2051 369 2124 postu
390 2066 451 2107 non
473 2046 642 2106 lacessisset
660 2047 755 2123 prior,
771 2045 895 2104 Nullum
912 2045 1048 2104 inuenire
1064 2047 1223 2123 prologum

91 2152 191 2221 posset
218 2167 330 2222 nouos,
360 2148 454 2222 Quem
481 2148 610 2222 diceret,
638 2148 697 2208 nisi
725 2147 851 2207 baberet
879 2149 950 2227 quoi
979 2149 1055 2207 mele
1079 2148 1223 2210 diceret“.

92 2249 126 2304 cl.
145 2249 183 2308 ad
199 2251 311 2330 Amph.
331 2253 403 2311 900.
421 2281 463 2291 -
481 2253 552 2311 871.
572 2245 657 2311 Hem
672 2250 775 2324 codd.;
793 2250 896 2310 Lamb.
920 2247 1020 2325 ,En“;
1043 2271 1098 2310 uos
1119 2251 1223 2327 ,Em“,

93 2368 118 2406 v.
142 2371 236 2430 supra
259 2354 331 2414 428.

178 2457 253 2516 873.
283 2451 491 2534 amittendo
513 2455 682 2516 Acidalium
712 2457 806 2516 secuti
836 2457 1007 2534 scripsimus
1042 2477 1107 2516 cum
1135 2456 1223 2516 Both.

93 2551 146 2630 ll,
169 2562 205 2616 ut
222 2579 252 2618 v.
268 2560 338 2619 168.
356 2589 399 2600 -
417 2560 488 2619 874.
511 2559 586 2619 Post
608 2574 713 2619 ornere
733 2559 834 2618 hiatur
849 2559 881 2617 iu
899 2579 1019 2633 casura,
1043 2564 1108 2618 tum
1131 2555 1226 2620 buius

92 2677 146 2734 pro
164 2661 299 2721 trocheo
316 2660 490 2737 legendum
508 2660 555 2721 Fl.
577 2657 679 2736 „eese“
699 2661 839 2721 addebat.
858 2693 900 2704 —
919 2663 990 2721 875.
1008 2655 1120 2741 Epona
1136 2665 1225 2741 vulgo

94 2761 285 2824 coniunctum
301 2764 450 2838 scribitur,
469 2769 504 2822 ut
520 2765 560 2822 sit
577 2765 778 2842 iuterrogatio
798 2785 863 2824 cum
875 2765 1013 2844 proximo
1025 2785 1113 2825 versu
1123 2768 1225 2825 termi-

94 2869 178 2940 nata;
196 2866 252 2926 sed
268 2867 444 2926 senteutiam
460 2886 521 2927 nou
538 2871 607 2925 ante
623 2887 651 2924 v.
666 2867 726 2925 877
744 2865 825 2926 finiri
843 2867 974 2928 ostendit
988 2868 1073 2928 locus
1091 2869 1226 2944 geminus

95 2963 189 3028 Oasin.
215 2971 296 3029 481.-
328 2969 455 3044 „Tribus
476 2991 537 3029 non
560 2968 686 3028 conduci
707 2971 818 3048 possim
840 2970 1047 3044 libertatibus,
1073 2971 1149 3042 Quin
1173 2991 1226 3049 ego

95 3067 151 3128 illis
178 3071 272 3132 bodie
299 3091 458 3150 conparem
485 3091 623 3150 magnum
651 3069 794 3130 malum“.
839 3072 888 3132 Sic
914 3072 944 3131 h.
968 3073 987 3130 l.
1012 3075 1138 3132 meritus
1162 3073 1226 3148 „Ne

96 3167 164 3247 98⁰“
189 3177 300 3252 inquit,
327 3175 392 3250 „vel
411 3175 438 3234 si
455 3175 615 3234 maximum
637 3175 793 3252 praemium
815 3175 889 3234 mibi
911 3175 1094 3252 promiseris,
1119 3174 1226 3234 adduci

95 3291 152 3333 uon
172 3296 305 3355 possum,
329 3283 364 3336 ut
385 3296 446 3336 non
462 3277 582 3355 pallam,
602 3297 691 3355 quam
710 3279 836 3336 maxime
854 3276 963 3355 diligit,
983 3279 1010 3336 ei
1028 3275 1225 3356 subripiam“.

97 3367 146 3436 Ne
167 3377 380 3439 affirmativum
403 3384 462 3454 est,
487 3380 568 3457 quod
591 3400 652 3439 non
674 3400 791 3458 semper
814 3382 990 3439 seutentiam
1018 3378 1149 3453 orditur,
1174 3381 1227 3438 sed

97 3478 245 3542 interdum
267 3484 438 3561 pronomini
455 3483 609 3562 personali
626 3485 827 3560 postponitur.
862 3482 941 3541 Nota
959 3487 1004 3540 cst
1020 3482 1226 3560 interrogandi

97 3583 126 3636 et
145 3584 347 3664 respondendi
369 3585 511 3645 formula:
540 3584 682 3663 „Egonel
706 3615 748 3624 -
770 3585 816 3644 'lu
837 3581 906 3658 ne“,
931 3583 1016 3661 Capt.
1042 3585 1112 3643 849.
1136 3583 1225 3662 Epid.

99 3681 166 3743 568.
189 3687 281 3747 Stich.
296 3690 367 3748 632.
390 3688 474 3747 Triu.
494 3689 565 3748 634.
600 3686 659 3747 Sed
681 3685 717 3746 rit
739 3687 817 3746 idem
841 3706 901 3745 nou
923 3686 1111 3764 praecedente
1134 3689 1226 3744 iuter-

97 3791 265 3863 rogatioue,
290 3812 316 3850 v.
341 3791 425 3850 Curc.
453 3792 528 3850 138:
555 3790 700 3865 „Tibine
724 3808 795 3866 ego,
819 3791 844 3849 si
865 3789 955 3848 fidem
978 3808 1080 3847 seruas
1102 3809 1224 3864 mecum,

98 3887 212 3952 vineam
232 3913 288 3970 pro
311 3913 402 3952 aurae
425 3898 526 3953 statua
549 3889 710 3953 statuam“.
751 3891 815 3952 Mil.
842 3893 918 3951 566:
945 3890 1028 3967 „Ego
1051 3913 1088 3950 ne
1111 3894 1226 3970 sipost

98 3986 173 4052 bunc
196 3995 276 4055 diem
299 3995 477 4068 muttiuero,
506 3995 578 4054 dato
607 3995 836 4055 excruciandum
857 3990 934 4053 me“.
981 3993 1068 4066 Quod
1097 3994 1136 4052 ad
1164 4015 1226 4053 rem

100 4095 220 4172 attinet,
243 4100 370 4158 maritus
391 4099 479 4158 uxori
501 4099 611 4178 pallam
635 4098 818 4176 subripiens,
843 4118 932 4175 quam
955 4097 1105 4156 meretrici
1126 4095 1225 4170 donet,

101 4197 334 4261 exuenschmis
350 4206 440 4260 notus
457 4205 512 4260 ost.
547 4200 633 4275 Quod
652 4206 751 4260 sutem
772 4221 829 4278 pro
853 4221 961 4278 magno
984 4201 1081 4277 prelio
1104 4200 1227 4278 ponitur

60 4350 64 4360 .
101 4293 164 4362 uita
184 4300 298 4365 weris
320 4319 442 4376 annua,
465 4303 629 4363 Lambinus
654 4305 804 4380 ceterique
832 4303 874 4360 sic
896 4303 1062 4380 accipiunt:
1087 4303 1178 4362 etiam
1202 4303 1228 4361 si
