2968 5030
228 511 291 574 426
725 507 863 562 Asinaria.

227 702 326 762 medio
343 708 450 780 potere
467 700 548 764 die“.
583 702 694 764 Graecis
717 709 763 762 est
786 701 832 776 ἀφ’
856 703 963 780 ἡμέρας,
985 702 1137 780 utPonb.
1149 703 1233 777 VIII,
1246 705 1299 777 27,
1316 705 1374 762 ll.

227 835 270 846 -
294 807 365 866 819.
389 805 499 866 Versus
522 811 690 886 corruptus.
738 805 810 866 cod.
834 805 926 866 Brit:
953 805 1083 880 ,Potere
1105 807 1205 880 illum,
1230 805 1376 883 expilare

228 911 305 968 clam
328 906 462 982 emone“,
486 928 546 987 quo
569 909 645 970 nihil
667 911 813 968 iuvamur.
859 908 957 988 Vulgo
979 909 1086 969 edunt:
1114 909 1256 983 „Potsre,
1280 908 1374 967 illam

228 1011 361 1089 expilare
384 1013 469 1071 clam.
514 1011 576 1072 ΡΑ.
599 1013 644 1072 Ne
666 1033 713 1072 me
736 1008 859 1084 mone“;
888 1011 1018 1072 Parcus:
1052 1013 1130 1086 „iem
1156 1031 1272 1071 memor
1299 1007 1374 1070 ee“.

228 1113 306 1172 Ante
323 1113 423 1172 omnis
439 1115 641 1192 quaerendum,
660 1114 740 1174 unde
757 1113 910 1194 pendeant
925 1113 1067 1174 infinitivi
1083 1120 1197 1193 potare,
1212 1114 1374 1191 cxpilnre;

229 1236 303 1293 quos
332 1216 468 1276 obsolute
495 1219 569 1296 poni
596 1219 660 1278 veri
689 1218 787 1277 simile
816 1237 877 1277 non
905 1221 960 1276 eet.
1006 1217 1083 1276 Mihi
1113 1215 1234 1296 quidem
1257 1237 1276 1274 s
1297 1235 1374 1276 soc.

228 1333 319 1378 mone
345 1319 477 1397 pendere
505 1319 647 1380 videntur
678 1317 868 1394 („emonere“
901 1340 961 1380 non
989 1325 1036 1378 est
1062 1316 1235 1393 Latinum),
1269 1337 1375 1396 quare

229 1422 385 1480 sententiae
418 1422 506 1480 simul
539 1427 570 1482 et
602 1423 701 1482 versui
734 1423 892 1482 consulens
924 1418 989 1484 iam
1014 1417 1144 1497 pridem
1176 1422 1292 1498 scripsi.
1321 1451 1375 1462 ··-

230 1526 301 1584 820.
336 1523 407 1582 Post
446 1519 559 1585 curabo
598 1525 699 1584 hictus
732 1527 763 1582 iu
796 1545 928 1599 cessure,
960 1523 1073 1584 Mllller
1109 1523 1169 1597 „At
1202 1523 1253 1602 pol
1287 1521 1371 1602 ego“

230 1625 370 1685 molebat.

317 1936 388 1994 821.
415 1936 477 1994 Iam
508 1937 622 2013 apertis
651 1923 776 2010 adibus,
807 1939 869 1995 stve
898 1935 1094 2014 eccyclemste
1126 1935 1188 1994 eive
1217 1935 1277 2008 elia
1304 1955 1375 2012 que

229 2039 346 2096 ratione
368 2037 424 2096 hoc
446 2034 494 2110 fit,
519 2038 687 2098 convivium
710 2045 866 2118 spectetur
889 2045 919 2097 et
940 2037 1134 2097 Demaenetus
1161 2037 1242 2095 iuter
1270 2035 1375 2096 filium

229 2147 260 2198 et
293 2143 479 2200 meretricem
514 2140 676 2215 accubens,
710 2147 744 2201 ut
773 2141 947 2202 adulescens
977 2159 1109 2200 summus
1137 2141 1192 2212 eit,
1221 2141 1375 2198 meretrix

229 2243 345 2317 infime,
369 2263 397 2301 v.
422 2244 494 2301 882.
538 2242 621 2303 Duos
648 2247 762 2322 primos
788 2244 878 2303 huius
900 2263 994 2303 scena
1021 2261 1126 2302 versus
1154 2243 1272 2318 spurios
1301 2261 1375 2302 esse

230 2351 311 2405 recte
328 2345 478 2404 intellexit
491 2345 600 2406 Weiss.
635 2347 702 2406 Non
725 2347 804 2406 enim
827 2367 905 2406 nunc
929 2347 1046 2408 demum
1068 2345 1108 2403 ed
1130 2343 1373 2404 accumbendum

230 2449 391 2520 invitatum
422 2449 589 2508 consistum
623 2449 735 2509 dudum
768 2449 938 2508 institutum
971 2449 1030 2508 iam
1058 2447 1203 2507 Diabolus
1236 2445 1372 2521 viderat,

231 2557 414 2628 spectatores
443 2556 542 2610 autem
570 2553 601 2609 in
630 2551 742 2611 medies
769 2571 817 2610 res
845 2554 1015 2628 rapiuntur.
1061 2550 1187 2628 spurios
1217 2569 1283 2608 asse
1312 2549 1373 2608 hos

231 2675 334 2714 versus
357 2655 449 2712 etiam
471 2659 600 2712 metrum
623 2658 732 2730 arguit,
757 2675 826 2713 nam
847 2661 914 2714 tots
932 2673 1021 2713 scena
1045 2653 1210 2712 octonariis
1232 2651 1374 2712 iambicis

231 2761 344 2834 scripta
367 2761 427 2826 est;
452 2756 654 2834 interpolator
677 2759 810 2816 senarios
832 2757 1007 2836 preposuit,
1031 2754 1113 2834 quod
1136 2757 1255 2814 ratIone
1274 2761 1372 2814 caret.

231 2889 274 2898 —-
293 2860 363 2918 823.
381 2852 549 2916 molestum
566 2859 613 2918 cst
629 2865 699 2918 cett.
718 2859 804 2918 codd.
822 2865 936 2938 prester
947 2859 980 2917 B.
996 2889 1033 2898 -
1049 2860 1121 2918 824.
1140 2852 1251 2918 Pietas
1268 2852 1375 2918 cordis

233 2954 372 3020 dolorem
387 2954 543 3036 prohibet,
565 2964 585 3019 i.
604 2983 629 3020 c.
649 2964 747 3039 pietas
765 2961 847 3034 facit,
871 2969 906 3021 ut
929 2962 1072 3035 dolorem,
1096 2980 1184 3038 quem
1206 2960 1256 3020 his
1280 2959 1373 3020 rebus

232 3065 303 3122 visis
325 3065 480 3142 percipere
502 3083 549 3122 me
573 3071 802 3123 consentaneum
832 3071 891 3136 est,
921 3085 981 3124 non
1010 3066 1153 3136 sentiam,
1183 3062 1220 3120 ci.
1244 3063 1372 3122 Terent.

232 3167 353 3225 Phorm.
381 3168 477 3226 1053:
505 3165 584 3238 „Uin
607 3165 705 3226 iacere
728 3166 809 3246 quod
831 3174 884 3226 tuo
906 3169 972 3225 uiro
995 3167 1075 3228 oculi
1098 3163 1261 3224 doleant?“
1297 3165 1371 3225 ccl.

233 3269 271 3326 ad
294 3267 363 3342 Cic,
388 3268 471 3327 Fam.
495 3269 581 3341 VIII,
609 3270 662 3342 14,
689 3272 721 3329 l:
749 3270 937 3347 „Numquam
960 3269 1016 3327 tibi
1040 3269 1120 3328 oculi
1143 3268 1320 3343 doluissent,
1344 3271 1375 3328 si

229 3373 264 3428 -in
285 3371 405 3448 repulsa
422 3370 547 3430 Domitii
565 3372 682 3432 vultum
704 3371 860 3432 vidisses“.
884 3401 928 3414 -
948 3370 995 3430 ΡΙ.
1015 3370 1061 3430 etl.
1089 3389 1162 3448 „ego
1186 3391 1373 3450 quamquam

233 3471 351 3546 istem“,
375 3494 435 3533 non
454 3494 538 3552 opus.
556 3505 600 3515 -
618 3477 689 3536 825.
714 3491 806 3554 aeyre
824 3471 934 3552 patiar
956 3469 1040 3551 quia,
1064 3473 1101 3532 cI.
1116 3475 1165 3532 55.
1183 3503 1228 3514 —
1244 3476 1318 3534 828.
1342 3477 1375 3535 et

233 3595 290 3654 pro
313 3577 350 3635 ut
367 3576 437 3635 olim
458 3577 655 3638 emendatum.
673 3609 716 3618 -
735 3581 807 3638 830.
831 3593 900 3638 esse
922 3577 951 3636 te
973 3575 1076 3649 codd.;
1100 3575 1146 3636 Fi.
1164 3579 1372 3656 transposuit,

234 3698 292 3737 non
314 3698 399 3756 opus.
443 3680 526 3738 Idem
548 3701 614 3740 curn
636 3681 745 3741 Bothic
770 3681 897 3740 alterum
924 3675 1038 3754 „esse“,
1063 3699 1100 3738 ne
1121 3679 1254 3756 priorem
1278 3681 1373 3739 corri-

233 3787 326 3858 peret,
352 3781 481 3842 delebat.
505 3813 547 3824 --
571 3786 643 3843 831.
670 3779 799 3858 Putem
821 3789 928 3861 putare
952 3801 984 3842 se
1006 3787 1106 3860 negat,
1131 3780 1213 3860 quod
1231 3789 1373 3862 apertum

234 3891 264 3941 et
292 3889 406 3943 certum
437 3887 493 3960 sit,
524 3888 560 3946 cI.
585 3887 651 3946 Ter.
676 3887 753 3946 Eun.
779 3888 857 3945 705:
895 3884 1018 3960 „Credis
1050 3885 1120 3944 huic
1153 3884 1236 3961 quod
1270 3885 1373 3946 dicat?

234 3985 294 4045 PY.
318 3987 398 4060 Quid
425 3989 476 4048 isti
505 3989 644 4048 credam?
674 4011 722 4050 res
750 3991 817 4068 ipss
845 3987 988 4049 indicat“.
1019 4019 1061 4028 -
1085 3987 1121 4047 ut
1146 3986 1262 4048 delevit
1284 3989 1373 4049 Lam-

235 4089 332 4149 binus.
382 4088 494 4168 ,quust'
527 4088 597 4152 dies
629 4089 660 4152 si
693 4089 780 4154 (licta
813 4090 873 4165 su,
908 4113 948 4152 sc.
977 4090 1047 4165 tibi,
1081 4093 1168 4169 qussi
1198 4111 1287 4152 cause
1313 4092 1374 4151 tibi

235 4191 362 4252 dicenda
383 4195 436 4267 sit,
462 4197 623 4273 autquasi
652 4198 760 4275 capitis
783 4215 853 4254 reue
875 4193 946 4268 eis“,
976 4195 1018 4254 id.
1048 4191 1183 4271 („dicte“
1208 4197 1269 4253 iam
1292 4195 1373 4253 inB

236 4293 450 4370 emendatum.)
473 4327 516 4338 -
540 4299 611 4357 832.
636 4287 724 4374 tlicO,
748 4301 768 4357 i.
792 4319 817 4356 e.
842 4319 908 4358 cum
931 4301 1061 4377 primum
1084 4302 1128 4359 sic
1150 4317 1212 4357 esse
1235 4298 1372 4358 demeris.

236 4427 280 4436 -
303 4399 375 4455 833.
406 4392 535 4458 Utinam
632 4397 679 4460 sic
699 4397 843 4474 rideant,
866 4403 930 4460 risu
952 4421 1012 4461 non
1033 4423 1106 4463 vcro
1129 4407 1181 4460 eut
1202 4421 1240 4460 ex
1262 4403 1372 4475 enimc,
