2992 5054
592 507 768 576 Amphitruo.
826 487 831 496 ⁸

588 695 775 780 luppiter

498 802 543 868 Te
565 804 652 884 uolo,
674 825 766 884 uxor,
790 804 952 888 conloqui.

158 907 251 987 Quor
273 914 306 973 te
330 911 505 974 auertisti?

574 1020 792 1086 Alcumena

519 1126 572 1193 Ita
592 1129 757 1210 ingenium
780 1132 936 1194 meumst:

156 1232 312 1298 Inimicus
335 1255 462 1318 semper
485 1257 545 1300 osa
566 1257 638 1302 eum
660 1239 837 1321 optuerier.

459 1349 460 1354 ’
589 1343 774 1428 Iuppiter

157 1449 378 1540 Heiaautem
400 1453 570 1518 inimicos?

574 1561 792 1626 Alcumena

571 1668 624 1734 Sic
647 1675 707 1747 est,
731 1690 813 1734 uera
834 1668 1004 1752 praedi003

154 1773 230 1840 Nisi
253 1775 353 1840 etiam
374 1774 438 1840 hoc
458 1773 544 1841 falso
569 1776 634 1841 diei
655 1777 903 1842 insimulaturus
926 1798 971 1840 es.

587 1884 773 1968 Iuppiter

153 1993 264 2058 Nimis
286 1991 482 2058 iracunda's.

573 2099 792 2165 Alcumena

495 2208 593 2273 Potin
615 2213 653 2274 ut
675 2208 842 2274 abstineas
864 2209 1021 2273 manum?

152 2318 242 2384 Nam
266 2323 357 2382 certo
381 2317 408 2381 si
431 2317 475 2382 sis
496 2337 594 2382 saurus
617 2323 675 2381 aut
697 2318 808 2401 sapias
830 2317 921 2396 satis,

154 2427 265 2504 Quam
287 2432 323 2490 tn
345 2424 535 2508 inpudicam
558 2446 629 2490 esse
652 2425 814 2490 arbitrere
837 2431 871 2490 et
893 2424 1074 2508 praedices,

155 2533 241 2598 Cum
263 2555 303 2598 ea
324 2538 362 2597 tu
385 2553 568 2598 sermonem
589 2553 650 2597 nee
671 2533 744 2598 ioco
768 2553 830 2598 nee
852 2535 936 2598 serio

153 2641 231 2705 Tibi
253 2640 386 2722 habeas,
408 2642 472 2706 nisi
494 2641 539 2706 sis
561 2641 693 2707 stultior
715 2641 929 2707 stultissumo.

587 2748 775 2833 Iuppiter
888 2829 891 2840 Ι

155 2856 194 2922 Si
217 2856 294 2936 dixi,
316 2856 418 2922 nihilo
440 2858 551 2942 magis.
566 2879 602 2922 es
623 2879 731 2942 neque
755 2877 816 2939 ego
839 2878 909 2922 esse
929 2859 1083 2938 arbitror,

154 2964 202 3029 Et
224 2965 259 3029 id
280 2965 344 3030 hue
365 2966 500 3046 reuerti,
522 2973 560 3030 ut
581 2987 633 3030 me
656 2986 832 3050 purgarem
854 2966 924 3031 tibi.

153 3072 243 3137 Nam
264 3095 443 3158 numquam
465 3074 640 3160 quicquam
661 3095 734 3140 meo
758 3075 867 3140 animo
889 3075 951 3140 fuit
974 3077 1103 3159 aegrius

155 3181 264 3259 Quam
286 3186 461 3266 postquam
484 3183 606 3263 audiui,
627 3183 685 3248 ted
706 3203 777 3247 esse
799 3184 920 3248 iratam
942 3183 1032 3248 mihi.

156 3288 225 3354 Cur
248 3289 382 3354 dixisti?
403 3291 540 3374 inquies.
575 3291 645 3374 Ego
670 3291 841 3374 expediam
863 3291 933 3356 tibi.

154 3397 231 3462 Non
254 3395 371 3481 edepol
394 3419 459 3482 que
482 3404 516 3463 te
539 3419 612 3464 esse
634 3399 824 3482 inpudicam
847 3399 1030 3479 crederem3

154 3506 280 3572 Uerum
301 3505 507 3590 periclitatus
530 3528 602 3571 sum
624 3508 769 3572 animum
790 3512 892 3586 tuum,

155 3613 243 3692 Quid
264 3613 392 3680 iaceres
415 3621 449 3680 et
471 3637 534 3698 qno
557 3622 655 3699 pactu
678 3616 712 3679 id
733 3613 819 3680 ferre
841 3614 1023 3679 induceres.

156 3720 319 3805 Equidem
341 3723 495 3803 ioco-illa
517 3723 666 3789 dixeram
689 3723 811 3789 dudum
832 3723 902 3802 tibi,

156 3830 300 3895 Ridiculi
323 3851 437 3912 causa3
459 3831 513 3896 uel
535 3830 622 3896 hunc
643 3839 760 3914 rogato
784 3831 919 3897 Sosiam.

569 3938 789 4006 Alcumena

157 4046 242 4123 Quin
263 4044 328 4110 huc
350 4045 484 4111 adducis
506 4068 614 4113 meum
637 4054 814 4129 cognatum
835 4047 1043 4127 Naucratem

180 4303 233 4356 999
250 4299 310 4368 Quo
378 4303 430 4357 896
447 4303 606 4358 uerecunda
623 4321 661 4357 es.
679 4303 759 4358 ALC.
777 4301 862 4357 Potin
879 4319 909 4356 es
926 4305 960 4355 ut
1028 4302 1079 4356 899
1097 4300 1166 4356 Cum
1182 4302 1242 4358 fatu

110 4387 175 4442 loco
246 4389 298 4440 900
314 4387 411 4441 nisisi
429 4389 466 4442 sis
536 4391 587 4442 904
604 4394 633 4443 te
703 4391 754 4443 905
773 4388 900 4443 didixisti
