2976 5056
230 483 293 546 330
705 477 883 549 Amphitruo.

186 638 192 652 ι
228 675 364 752 impense
391 673 444 732 sed
470 673 591 753 publico
618 677 739 752 sumptu
766 675 887 732 restitui
909 669 1074 752 putabas?“
1099 703 1143 714 -
1170 673 1266 732 1022.
1294 662 1381 730 atri

229 781 299 836 sunt
321 777 422 854 virgae,
446 775 556 854 quibus
578 775 791 854 plectebantur
812 777 908 848 servi,
931 795 960 835 v.
983 775 1067 836 Asin.
1091 777 1164 836 338.
1188 777 1264 836 360.
1291 771 1379 832 Rud.

230 881 302 940 636.
325 879 407 938 Pera.
431 881 504 938 279.
527 878 580 949 al.;
604 871 770 938 Artenam
799 883 899 936 eutem
926 878 1007 956 apud
1027 877 1169 944 Plentum
1197 877 1380 938 inferorum

228 981 312 1040 locus
340 985 399 1054 est,
429 981 498 1040 Orci
527 997 666 1056 regnum,
696 1001 725 1040 v.
751 981 843 1040 1094.
877 980 964 1059 Capt.
989 981 1060 1040 682.
1090 981 1162 1040 991.
1198 979 1266 1040 Cas.
1296 979 1378 1038 425.

228 1083 318 1143 nost.
337 1085 409 1142 490.
432 1082 513 1142 ren.
533 1084 604 1142 341.
628 1081 711 1141 Tru.
730 1083 801 1140 494.
843 1077 1007 1145 mmm
1023 1068 1191 1142 nome
1208 1087 1255 1140 sc
1271 1083 1377 1153 locus,

229 1183 281 1244 nbi
309 1184 382 1242 ulmi
411 1185 523 1242 mortui
545 1189 615 1243 sunt
635 1185 684 1242 vel
706 1185 889 1258 moriuntur3
912 1182 1100 1260 significatur
1121 1190 1223 1244 autem
1245 1189 1378 1260 tergum

228 1288 317 1360 servi,
336 1287 367 1345 in
383 1306 443 1363 quo
466 1285 651 1346 verberando
667 1287 760 1361 virgae
779 1285 973 1346 conficientur
988 1291 1020 1344 et
1037 1285 1197 1363 peribunt;
1221 1287 1259 1346 cl.
1278 1286 1376 1364 Capt.

230 1389 307 1448 643:
340 1388 419 1462 „Vae
447 1388 507 1447 illis
534 1390 628 1466 virgis
656 1389 786 1462 miseris,
817 1409 893 1465 quas
920 1388 1063 1465 hodiejn
1084 1395 1171 1466 tergo
1194 1388 1376 1447 morientur

228 1487 496 1551 meo“.-1023.
519 1486 636 1565 fadum
656 1488 831 1569 scatentem
852 1487 973 1570 1309113,
997 1494 1040 1551 ita
1058 1490 1161 1568 flagris
1180 1489 1316 1564 caldum,
1337 1495 1376 1548 nt

228 1592 353 1652 ferveat.
377 1623 419 1632 —
445 1593 526 1652 1024
550 1615 594 1671 sq.
618 1593 675 1666 Qui
697 1593 818 1671 prodigi
840 1597 872 1654 in
894 1593 1099 1653 adulescentia
1120 1593 1259 1666 fuerunt,
1284 1613 1373 1652 men·
1474 1629 1475 1642 .

229 1694 329 1754 dicare
351 1696 382 1754 in
405 1701 556 1755 senectute
572 1697 683 1754 solent.
718 1695 814 1771 Vulgo
838 1697 947 1756 dicitur
973 1695 1101 1770 „malum
1119 1695 1178 1753 sibi
1196 1693 1370 1772 querere“,

228 1796 277 1854 hic
303 1799 422 1856 scurrili
450 1801 680 1876 exaggeratione
708 1794 887 1858 nccndicurc
915 1798 1035 1858 dicitur.
1057 1827 1101 1838 -
1131 1790 1301 1873 Quidum?
1328 1797 1370 1856 cf.

228 1898 319 1958 Most.
346 1901 437 1960 1089.
460 1900 526 1960 Mil.
552 1903 622 1960 327.
646 1899 753 1959 Pseud.
779 1902 850 1960 336.
876 1901 947 1960 338.
972 1929 1011 1940 -
1034 1899 1159 1960 senecia
1182 1899 1302 1973 084042,
1327 1899 1367 1959 cf.

229 2002 297 2060 Aul.
311 2004 383 2061 247.
407 2001 473 2061 Cas.
489 2004 560 2063 220.
586 2004 657 2062 237.
681 2003 763 2062 Trin.
783 2004 833 2062 43.
868 2003 969 2062 Etiam
986 2002 1144 2062 Sellustins
1163 2002 1214 2060 Fr.
1232 2007 1292 2062 inc.
1312 2004 1367 2062 60.

228 2104 317 2164 Lucr.
329 2103 365 2175 V,
379 2105 449 2164 886.
469 2106 546 2177 696;
574 2111 712 2176 „senecta
734 2102 882 2165 membra“
909 2104 1028 2166 Lucrst.
1052 2103 1106 2178 111,
1130 2105 1203 2163 772.
1238 2104 1367 2164 Portici-

228 2208 312 2283 pinm
335 2225 399 2266 esse
421 2205 509 2266 docet
530 2206 674 2266 Priscian.
696 2207 755 2280 XI,
779 2209 818 2266 27
843 2214 918 2266 extr.
964 2206 1114 2267 Dicebant
1140 2211 1242 2284 tamen
1270 2209 1366 2266 etiam

232 2313 351 2382 „aetate
367 2306 520 2382 inuenta“‚
539 2309 627 2388 Corp.
640 2309 732 2368 Insor.
751 2310 818 2369 Lat.
835 2331 865 2369 n.
887 2311 978 2370 1202.
996 2338 1047 2390 -n
1055 2308 1129 2368 Post
1144 2309 1246 2370 aetate
1263 2309 1366 2370 hiatus

228 2413 260 2470 in
282 2411 414 2486 dieresi3
444 2411 491 2470 Fl.
518 2410 705 2485 „in,aetate“
732 2411 896 2484 scribebat,
920 2411 1031 2472 Mdller
1057 2432 1092 2484 „e
1116 2431 1163 2470 me
1184 2410 1296 2471 nunc“.
1320 2441 1365 2452 —

232 2515 322 2572 1027.
347 2508 404 2572 tibi
430 2514 538 2572 ultima
566 2515 714 2591 producta
746 2515 921 2589 legendnm
956 2512 1002 2572 Fl.
1035 2533 1131 2586 „nunc
1158 2511 1246 2586 tibi“,
1281 2513 1363 2592 quod

228 2635 284 2695 per
316 2615 460 2675 incuriam
493 2617 583 2675 etism
615 2617 646 2675 in
680 2621 812 2676 nostrum
841 2616 1004 2674 editionem
1033 2617 1213 2676 translatum
1242 2621 1295 2676 est
1319 2647 1363 2658 -

227 2719 395 2778 Mercurius
423 2738 453 2778 se
484 2739 550 2778 eum
573 2713 751 2793 infortunio
773 2720 912 2779 mactare
933 2717 1021 2791 dicit,
1045 2719 1065 2778 i.
1089 2737 1115 2777 e.
1139 2719 1216 2778 nihil
1240 2723 1362 2779 omnino

229 2840 349 2894 curare,
374 2821 410 2880 cf.
434 2820 540 2880 Bacch.
565 2823 640 2880 36οε
679 2821 728 2895 „Si
756 2843 807 2882 ero
836 2821 1047 2900 reprehensus,
1076 2826 1173 2881 macto
1196 2839 1253 2896 ego
1276 2821 1361 2880 illum

229 2919 424 2982 infortunio“.
470 2921 555 2982 Curc.
582 2925 656 2982 536:
695 2924 780 2996 „Non
814 2925 921 3002 edepol
953 2944 1031 2982 nunc
1066 2943 1120 3000 ego
1154 2929 1184 2982 te
1219 2923 1362 2984 mediocri

229 3031 326 3084 macto
342 3021 536 3084 intortunio“.
571 3025 652 3085 Poen.
667 3028 742 3085 52οε
764 3025 906 3098 „divitem
924 3027 1065 3086 audacter
1082 3026 1212 3085 solemus
1230 3032 1363 3086 mactare
1474 3031 1475 3100 j

228 3125 424 3188 infortunio“.
458 3129 541 3188 Trin.
556 3131 632 3188 993:
661 3127 742 3206 „Ego
764 3128 802 3187 ob
825 3128 901 3188 hano
924 3149 1046 3206 opernm
1069 3135 1225 3203 argentum
1245 3131 1361 3206 accepi;

228 3236 259 3290 te
281 3236 378 3290 macto
399 3229 594 3291 infortunio“.
639 3229 698 3291 Sed
726 3232 835 3290 vernili
863 3231 1043 3290 scurrilitate
1071 3229 1128 3290 hoc
1155 3235 1286 3308 primum
1308 3251 1362 3309 par
1474 3221 1475 3226 ¹

228 3333 389 3411 imaginem
419 3339 510 3412 atque
540 3333 616 3394 adeo
639 3354 695 3413 per
717 3335 843 3412 enigma
864 3336 1049 3412 pronuntiat.
1094 3333 1170 3394 Nem
1192 3353 1286 3411 quum
1309 3355 1361 3392 an·

228 3436 307 3513 tiqui
330 3453 389 3495 non
411 3437 506 3496 solum
529 3435 643 3496 hostias
665 3442 797 3496 mactare
820 3437 968 3510 dicerent,
992 3437 1045 3495 sed
1067 3439 1157 3495 etiam
1179 3437 1260 3496 Deos
1283 3457 1360 3496 mac·

228 3542 294 3598 tore
327 3537 491 3598 honoribus
524 3546 576 3598 aut
603 3529 756 3599 sacrificiis
784 3537 903 3614 (Cicero
932 3540 1038 3598 saltem
1066 3539 1098 3596 in
1119 3538 1220 3598 Vatin.
1245 3541 1278 3614 6,
1307 3542 1359 3598 14;
1474 3607 1475 3638 ᾗ

232 3661 341 3720 „quum
367 3661 529 3720 puerorum
557 3645 635 3702 extis
662 3642 733 3700 deos
760 3661 862 3700 menes
884 3647 1017 3702 mactare
1041 3637 1169 3714 soleas“)
1192 3641 1248 3700 hac
1270 3643 1359 3716 signi·

228 3742 368 3803 flectione
397 3751 519 3822 arrepta
546 3745 621 3804 dicit
646 3766 677 3804 se
700 3765 765 3803 eum
788 3745 880 3802 secris
902 3749 1102 3804 mactatarum
1127 3744 1175 3803 vel
1198 3745 1227 3802 si
1248 3741 1359 3802 sacrifi·

229 3851 374 3905 saturum.
397 3875 440 3886 -
466 3841 550 3924 Qui?
571 3851 592 3906 i.
615 3867 640 3908 e.
663 3846 836 3925 quomodo?

314 3947 387 4008 Post
407 3948 486 4008 hunc
508 3969 626 4008 versum
647 3949 679 4008 in
701 3949 802 4008 codice
821 3955 993 4008 nostrorum
1011 3951 1172 4026 archetypo
1190 3947 1263 4007 lolio
1281 3967 1358 4025 quae-

229 4049 297 4108 dam
324 4049 505 4109 exciderant.
551 4051 629 4111 Huic
656 4051 785 4111 delectui
813 4071 985 4111 succurrere
1014 4055 1137 4111 conatus
1165 4052 1212 4110 vir
1239 4049 1359 4128 quidam

229 4152 334 4211 doctus
367 4153 467 4212 soecnli
494 4153 550 4212 XV
579 4156 729 4227 exeuntis,
764 4155 945 4214 Hermolaus
973 4153 1138 4227 Barbarus,
1172 4159 1207 4212 ut
1240 4151 1359 4210 videtur

231 4251 271 4328 (v.
285 4253 453 4327 Hoffmann,
472 4255 509 4314 de
524 4256 671 4316 Plautinas
682 4257 911 4336 Amphitruonis
935 4257 1098 4334 exemplari
1121 4261 1151 4315 et
1173 4255 1358 4330 fragmentis,

228 4377 259 4434 p.
284 4360 323 4416 24
347 4377 391 4434 aq.
415 4358 528 4416 Bitsch.
552 4357 661 4433 Opusc.
684 4359 722 4430 11,
738 4345 776 4436 p.
800 4355 866 4432 48),
890 4379 994 4418 soenes
1017 4358 1161 4436 quasdem
1183 4357 1357 4435 composuit,
1455 4409 1475 4446 Ι.

230 4477 297 4533 quse
318 4459 350 4516 in
373 4458 506 4516 editione
517 4458 632 4516 Veneta
643 4459 772 4517 Scutarii
794 4481 820 4518 a.
842 4461 922 4519 1495
945 4459 1147 4538 proferuntur.
1182 4459 1244 4518 Hes
1267 4477 1358 4536 qnum
1474 4455 1475 4458 ’
