2992 5054
795 499 887 560 Plaut'

783 688 901 754 Sosio

914 796 1003 863 Uera
1025 797 1108 862 dieo.

334 951 336 956 -
722 905 962 990 Amphitruo

275 1012 398 1079 Melum
421 1013 510 1096 quod
532 1013 594 1078 tibi
616 1014 649 1078 di
673 1014 797 1080 debunt
819 1021 919 1099 etque
943 1035 1003 1098 ego
1025 1013 1122 1080 hodie

275 1121 379 1187 Dabo.
1149 1103 1155 1116 ⁸

717 1261 723 1272 ·
782 1229 899 1298 Sosia

404 1335 493 1403 Istue
515 1337 610 1403 tibist
631 1339 664 1402 in
687 1360 799 1418 menu3
823 1361 899 1405 nem
920 1345 998 1405 tuus
1020 1361 1101 1405 eum.
1355 1341 1404 1394 560

725 1445 960 1532 Amphitruo

277 1554 349 1618 Tun
370 1575 431 1634 me,
455 1554 604 1636 uerbero‚
628 1556 730 1620 eudes
753 1577 844 1621 erum
866 1555 1050 1621 ludificari?

174 1721 180 1734 ,
278 1662 368 1727 Tune
390 1663 423 1727 id
446 1663 554 1728 dicere
577 1665 688 1742 eudes,
713 1661 810 1748 quod·
824 1687 918 1730 nemo
941 1687 1098 1748 umquam
1119 1664 1217 1731 homo
1240 1666 1385 1732 antehae

277 1770 370 1836 Uidit
391 1793 452 1837 neo
473 1778 582 1856 potest
604 1772 684 1854 fieri,
707 1780 854 1856 tempore
877 1795 942 1840 uno

277 1879 383 1945 Homo
406 1880 491 1945 idem
516 1880 643 1946 duobus
665 1880 746 1946 loeis
768 1888 805 1946 ut
828 1882 923 1947 simul
946 1883 1012 1947 sit?

785 1989 900 2055 Sosia

278 2095 440 2176 Profecto,
462 2102 499 2161 ut
520 2097 646 2180 loquor,
668 2119 722 2162 res
744 2098 832 2162 itaet.

725 2205 962 2289 Amphitruo

863 2313 1011 2398 Iuppiter
1033 2319 1068 2377 te
1118 2299 1119 2302 Ἴ
1359 2314 1409 2368 565

281 2420 408 2486 Perdat.

785 2527 900 2594 Sosia

433 2637 519 2715 Quid
541 2635 620 2727 mali
643 2659 723 2716 sum,
747 2657 811 2717 ere,
835 2643 894 2702 tue
917 2659 1014 2705 exre
1038 2639 1257 2723 promeritus?

726 2767 960 2854 Amphitruo

278 2875 440 2958 Regesne,
463 2874 609 2961 inprobe,
633 2877 733 2950 etiam
758 2878 814 2961 qui
835 2877 931 2943 ludos
952 2878 1034 2943 facis
1057 2879 1132 2944 me?

786 3009 901 3074 Sosia

279 3093 398 3178 Merito
421 3113 598 3179 maledicas
621 3115 709 3195 mihi,
735 3117 762 3181 ei
784 3116 817 3181 id
840 3115 1004 3182 factumst.

280 3220 403 3287 Uerum
425 3221 515 3287 haud
536 3223 686 3302 mentior,
709 3245 829 3308 resque
851 3225 900 3290 uti
922 3221 1012 3289 facta
1034 3223 1118 3289 dieo.

726 3325 980 3437 Amphitruo

280 3459 387 3524 Homo
409 3457 463 3524 hio
486 3459 619 3540 ebriuet,
643 3467 679 3526 ut
701 3461 825 3544 opinor.

788 3591 903 3657 Sosia

281 3695 415 3762 Utinam
436 3699 486 3762 ita
509 3699 627 3764 essem!

728 3806 964 3891 Amphitruo

641 3915 752 3999 Optee,
776 3913 980 3997 quaefacta.

787 4040 903 4105 Sosia

1015 4146 1151 4230 Egone?

282 4267 486 4276 -—--—.-.

351 4377 403 4430 560
419 4375 500 4431 Dabo
517 4377 685 4433 antecedenti
699 4381 794 4434 versui
809 4379 929 4433 additur,
1001 4381 1051 4434 666
1069 4377 1173 4435 Perdat
1189 4383 1259 4435 itm
