2976 5056
232 481 294 542 356
405 558 410 567 Ι
729 473 867 528 bimi&

230 689 299 742 sec,
323 674 394 728 cett.
417 667 569 746 plerique;
591 663 633 744 fit
653 667 724 728 olim
748 667 944 728 emendatum.
983 667 1028 728 Ne
1051 671 1119 746 quis
1142 666 1371 726 coniunctivum

231 773 373 850 requirat,
396 771 468 830 satis
490 771 629 848 frequens
651 775 699 830 est
720 770 800 849 apud
820 770 962 831 Plautum
984 771 1166 830 indicativus
1188 771 1219 828 in
1239 773 1369 828 senten·

231 877 282 934 tiis
310 875 441 934 orationi
468 873 598 951 obliqua
626 875 829 952 interpositis,
851 894 879 932 v.
902 873 1081 933 Autenrieth
1104 876 1136 933 in
1158 871 1261 932 Annal.
1287 869 1370 948 phil.

231 977 292 1036 rol.
316 975 462 1055 supplem.
485 975 526 1035 v]
549 971 672 1050 (1872),
694 997 725 1054 p.
750 977 811 1036 277
835 997 879 1055 sq.
914 975 1032 1036 Pendet
1053 981 1154 1036 autem
1176 975 1371 1034 accusativus

232 1101 299 1140 cum
325 1077 477 1138 infinitivo
506 1099 524 1137 a
551 1097 616 1138 voc.
644 1072 798 1154 fortusse,
827 1098 855 1138 v.
880 1078 918 1138 sd
939 1077 1048 1156 Amph.
1073 1080 1144 1138 615.
1168 1107 1212 1118 -
1234 1079 1281 1136 38.
1309 1088 1372 1152 epo

232 1184 291 1242 iam
324 1182 355 1240 in
383 1180 447 1240 cod.
475 1181 500 1240 B
529 1181 727 1241 emendatum.
756 1211 800 1222 -
825 1181 1068 1240 Abominandum
1100 1183 1221 1259 pistrini
1253 1197 1370 1238 nomen

233 1283 337 1344 audire
359 1305 419 1343 non
441 1283 508 1342 vult
530 1303 626 1361 neque
648 1283 753 1343 herum
776 1283 852 1344 illud
874 1286 906 1344 iu
929 1303 1095 1344 ossnmere
1114 1284 1289 1361 autlingua
1308 1284 1370 1340 im·
1476 1345 1477 1350 η

232 1407 345 1464 ponere
367 1388 498 1465 patitur,
522 1386 575 1445 sed
603 1387 704 1446 statim
732 1385 879 1464 despuere
906 1385 1005 1458 iubet,
1034 1392 1078 1459 et,
1108 1386 1162 1447 ubi
1190 1385 1245 1446 hoc
1271 1383 1370 1444 semel
1476 1371 1478 1436 i

232 1489 320 1562 iecit,
343 1489 452 1548 iterum
475 1493 565 1567 atque
587 1490 697 1548 iterum
725 1509 792 1548 eum
821 1487 967 1567 despuere
988 1489 1074 1547 iubet
1099 1489 1302 1566 screandoque
1329 1505 1370 1544 ex

232 1592 347 1650 intimis
376 1591 512 1652 faucibus
540 1593 654 1650 eiicere.
700 1591 748 1650 Ad
781 1611 844 1650 rem
880 1591 1051 1650 conferatur
1078 1589 1181 1650 Senec.
1210 1589 1294 1650 Cous.
1327 1587 1370 1647 ad

233 1694 376 1754 Murciam
401 1697 434 1768 9,
459 1697 494 1753 4:
532 1693 623 1768 ,Quis
645 1713 720 1768 non,
750 1697 776 1754 si
801 1693 1013 1767 admoneatur,
1042 1697 1078 1752 ut
1105 1695 1216 1770 cogitet
1244 1689 1295 1767 (sc.
1327 1691 1369 1750 de

234 1797 340 1872 exilio,
376 1802 522 1874 egestate,
556 1792 667 1869 luctu),
701 1801 852 1874 tamquam
884 1795 982 1856 dirum
1011 1815 1098 1855 omen
1126 1801 1250 1873 respuat
1275 1801 1304 1854 et
1332 1795 1369 1852 in

235 1901 334 1978 capita
356 1901 543 1958 inimicorum
630 1897 712 1957 abire
735 1899 788 1958 ille
809 1895 950 1958 iubeat?“
975 1929 1018 1939 —
1042 1899 1091 1958 39.
1115 1897 1150 1956 In
1167 1897 1234 1958 cod.
1251 1898 1276 1957 B
1296 1897 1367 1956 voci

170 1995 175 2006 ’
235 2017 314 2078 quae
335 2002 486 2081 posterior
507 2021 612 2060 manus
634 2003 862 2080 suprascripsit:
886 2003 956 2075 ,alii
973 1997 1061 2079 qni“;
1080 2019 1146 2078 qua
1164 2001 1308 2059 conectio
1325 2017 1367 2058 ne

236 2123 324 2182 quem
347 2110 473 2177 moveat,
498 2103 601 2162 eadem
623 2123 728 2162 manus
750 2125 778 2163 v.
798 2107 836 2164 33
860 2123 916 2182 pro
942 2103 1096 2177 ,homines
1118 2099 1263 2178 nequam“
1283 2100 1366 2161 vide-

235 2212 286 2266 tur
322 2206 411 2280 ,boni
444 2202 576 2282 sequsm“
612 2206 752 2266 uoluisse.
782 2235 826 2246 -
855 2207 905 2264 41.
928 2205 985 2265 Hic
1011 2225 1115 2264 versus
1144 2203 1181 2262 eb
1210 2204 1366 2281 archetypi

236 2307 360 2367 librario
387 2309 503 2368 incuria
530 2309 670 2382 omissus,
706 2327 797 2386 quum
829 2314 937 2386 postea
969 2309 1001 2366 in
1034 2307 1167 2383 margine
1196 2306 1367 2384 adscriptus

236 2417 323 2484 esset,
347 2430 440 2487 pravo
462 2410 526 2468 loco
548 2412 581 2468 in
603 2415 775 2470 contextum
797 2412 929 2470 insertus
953 2415 1012 2484 est,
1036 2414 1107 2487 post
1128 2429 1157 2468 v.
1183 2411 1232 2467 54.
1276 2407 1365 2466 Intel-
1475 2439 1476 2447 κ

236 2513 374 2572 luxerunt
402 2515 461 2610 iam
489 2514 607 2591 antiqui
629 2512 767 2573 editores.
791 2543 835 2552 -
855 2513 926 2572 Voc.
942 2510 1074 2588 pertitas
1096 2511 1221 2571 Plautus
1242 2511 1364 2570 licenter

235 2635 292 2692 pro
315 2615 461 2674 adiectivo
484 2615 600 2688 habuit,
625 2635 680 2674 neo
703 2621 771 2674 ante
793 2616 954 2692 Apuleium
976 2635 1042 2673 eum
1065 2616 1223 2692 quisquam
1248 2617 1365 2672 secutus

237 2723 290 2776 est.
320 2747 362 2756 -
389 2719 440 2776 42.
465 2712 552 2777 Nam
579 2719 823 2796 interrogativum
853 2723 912 2792 eat,
941 2717 1002 2776 vid.
1033 2717 1071 2776 ad
1092 2715 1200 2793 Amph.
1226 2718 1297 2775 548.
1323 2743 1366 2756 —
1474 2699 1476 2772 4

237 2821 288 2878 43.
319 2813 451 2893 Uxoris,
474 2838 514 2877 sc.
536 2825 672 2879 mortem.
697 2849 739 2860 -
762 2821 812 2878 44.
837 2835 949 2896 expers
974 2819 1071 2894 metm
1101 2819 1138 2878 of.
1160 2817 1270 2896 Amph.
1295 2817 1364 2877 706.
1475 2825 1476 2829 ’

237 2953 280 2964 -
302 2923 353 2982 45.
377 2915 424 2982 Di
448 2915 506 2981 tibi
529 2917 558 2982 d.
579 2939 611 3007 ¹q.
636 2923 733 2999 optes,
757 2921 793 2980 ci.
812 2922 918 2981 Horat.
937 2922 999 2981 Sat.
1017 2921 1056 2994 II,
1082 2923 1110 2995 8,
1134 2923 1189 2979 75:
1217 2920 1304 2994 „Tibi
1320 2919 1365 2990 Di,

237 3045 442 3104 quaecumque
468 3026 606 3102 preceris,
630 3024 792 3084 Commoda
815 3023 917 3084 dent“.
939 3055 981 3066 -·-
1000 3017 1111 3084 Redde
1133 3037 1260 3098 operam
1280 3017 1367 3094 mibi,

237 3130 256 3188 i.
281 3149 306 3186 e.
331 3127 401 3187 audi
423 3147 502 3186 nunc
525 3147 572 3184 me
592 3127 741 3199 uicissim3
772 3147 838 3186 uam
866 3147 988 3204 operam
1017 3127 1091 3184 dare
1121 3132 1169 3184 est
1189 3127 1367 3198 auscultare,

238 3251 265 3289 v.
292 3232 340 3289 14.
363 3261 407 3272 -
430 3231 480 3288 46.
504 3225 575 3304 boo,
600 3229 681 3307 quod
704 3249 822 3307 semper
844 3231 875 3288 in
898 3231 997 3288 animo
1020 3228 1119 3301 habet,
1141 3227 1235 3287 filium
1259 3249 1366 3288 amare.

237 3364 280 3374 -
301 3329 450 3392 aoimtem
471 3325 595 3406 facecia,
620 3331 656 3390 cf.
681 3331 801 3390 Terent.
825 3331 934 3390 Heaut.
960 3333 1031 3404 873,
1055 3332 1093 3390 al.
1117 3359 1162 3371 -
1185 3333 1235 3389 50.
1259 3324 1367 3390 Derai·

236 3451 293 3494 ror
315 3440 369 3494 etc.
414 3434 524 3494 Versus
554 3434 603 3495 hic
631 3436 663 3492 in
691 3433 777 3493 codd.
806 3435 949 3492 inseritur
971 3439 1041 3511 post
1063 3453 1091 3491 v.
1116 3435 1171 3507 823
1194 3431 1247 3509 qui
1270 3437 1367 3492 autem

237 3557 355 3596 versum
378 3538 495 3596 incuria
517 3540 656 3597 omissum
679 3538 710 3596 in
733 3537 866 3614 margine
889 3535 1051 3612 supplevit,
1075 3555 1112 3594 ne
1135 3533 1261 3593 deloco
1286 3533 1369 3594 dubi·

237 3644 363 3713 teretur,
388 3643 479 3699 etiam
501 3645 674 3725 sequentem
699 3637 766 3714 (51)
791 3639 960 3727 adscripsit.

327 3743 376 3800 51.
400 3735 560 3820 Equidem
581 3738 645 3811 acio
667 3739 745 3816 iam,
768 3761 806 3800 ne
828 3761 874 3799 me
897 3740 993 3799 celere
1015 3738 1147 3797 studeas.
1197 3734 1290 3815 Quod
1315 3757 1369 3816 pro

239 3846 410 3904 accusativo
433 3865 497 3904 oum
520 3842 670 3904 infinitivo
693 3865 784 3922 quum
807 3843 888 3922 apud
910 3842 1062 3900 inferioris
1081 3843 1179 3900 aetatis
1198 3843 1368 3920 scriptores,

238 3953 274 4005 ut
294 3947 453 4021 Iustinum,
475 3947 758 4006 iurisconsultorum
780 3947 932 4024 principes
959 3945 1107 4022 aliosque,
1131 3942 1291 4002 admodum
1313 3943 1368 4002 ire·
1476 4022 1477 4026 ἵ

239 4069 333 4128 quens
357 4050 409 4123 sit,
437 4055 501 4108 tum
529 4049 576 4107 hic
604 4048 667 4108 illic
695 4049 785 4108 etiem
814 4047 895 4126 apud
922 4047 1107 4124 antiquiores
1129 4046 1296 4120 invenitur,
1320 4045 1369 4123 qui

239 4151 361 4230 quidem
390 4173 421 4220 a,
435 4152 551 4230 vulgari
578 4152 732 4211 hominum
760 4170 894 4210 sermone
922 4169 981 4208 non
1011 4149 1206 4221 abhorreant,
1235 4153 1270 4206 ut
1298 4147 1370 4207 Cato

239 4273 287 4330 ap.
311 4252 389 4332 Piin.
413 4253 450 4312 H.
474 4254 510 4312 N.
534 4253 651 4328 XXIX,
677 4256 708 4328 l,
732 4255 766 4328 7,
794 4255 847 4312 14:
886 4251 1007 4327 ,Dicam
1036 4251 1073 4310 de
1095 4253 1162 4310 istis
1184 4249 1297 4310 Gracia
1319 4269 1370 4310 suo

135 4407 136 4410 ,
238 4356 307 4415 loco
326 4355 398 4433 quid
413 4355 539 4415 Athenis
557 4357 740 4434 exquisitum
756 4355 891 4428 habeam,
911 4360 942 4414 ct
958 4353 1040 4432 quod
1055 4354 1168 4412 bonum
1191 4357 1232 4412 sit
1253 4353 1370 4412 illorum
1475 4361 1478 4440 ᾖ
