2960 5038
615 480 829 554 Prolesomms
1227 492 1288 555 189

134 680 336 740 trochaicam
360 675 591 751 catalecticam“,
614 695 795 757 quamquam
817 697 877 737 uon
898 678 1012 740 idcirco
1035 681 1175 757 antiquos
1190 701 1288 759 gram·

134 784 280 843 maticos
302 801 404 842 errare
427 780 574 852 dicemus,
597 781 650 858 qui
671 781 798 839 creticos
826 779 864 840 ad
890 783 1057 860 paeonicum
1083 803 1177 861 genus
1204 791 1287 846 retu·

136 885 264 960 lerint3
285 884 375 944 nobis
394 883 481 956 euim,
500 904 560 962 quo
575 883 695 944 nomine
712 883 890 959 appelletur,
907 902 1014 960 parum
1030 883 1144 944 referre
1159 887 1287 948 videtur.

242 986 346 1046 Latini
367 991 464 1065 poette
484 1005 543 1045 non
562 975 631 1044 rere
648 987 766 1044 creticis
783 985 831 1044 usi
847 989 925 1059 sunt,
944 985 998 1044 sed
1013 986 1151 1047 licentius
1168 995 1290 1068 agentes

140 1109 247 1167 quam
258 1089 356 1149 Graeci
377 1108 435 1168 pro
454 1090 573 1148 creticis
590 1092 644 1147 aut
658 1087 811 1166 paeonibus
829 1089 920 1146 etiam
938 1088 1123 1150 choriambon
1139 1092 1290 1152 interdum

139 1193 295 1250 inserunt
321 1195 366 1264 et,
394 1191 472 1269 pede
499 1211 553 1249 sex
579 1209 731 1249 morarum
759 1189 850 1248 semel
878 1189 1024 1266 admisso,
1054 1212 1092 1251 ne
1120 1195 1289 1254 amolosso

142 1293 278 1372 quidem
311 1293 465 1370 abstinent
499 1290 547 1366 (ut
578 1292 669 1351 Most.
706 1293 766 1352 106
803 1290 1016 1368 „confi-iugit“.
1061 1293 1170 1355 Pseud.
1207 1298 1288 1358 1330

147 1392 376 1474 „spectator“).
421 1395 563 1454 Versibus
585 1394 761 1471 plerumque
782 1399 911 1454 utuntur
933 1396 1116 1471 acatalectis,
1139 1401 1175 1457 ut
1196 1403 1289 1477 syste·

142 1503 239 1558 mata
260 1499 410 1572 orientum,
440 1497 493 1556 sed
521 1498 611 1556 certis
640 1496 865 1576 aequalibusque
895 1497 1030 1558 versibus
1053 1499 1213 1574 distincta,
1237 1502 1290 1579 qui

142 1603 239 1660 inter
271 1619 303 1659 se
336 1601 474 1675 coniungi
506 1619 567 1659 nou
601 1596 757 1673 dabent*).
802 1599 917 1658 Horum
950 1601 1187 1678 frequentissimi
1220 1610 1291 1662 suut

143 1703 391 1778 tetrametri,
421 1703 473 1779 qui
500 1721 578 1779 saepe
604 1707 666 1760 tam
694 1701 781 1761 multi
809 1702 987 1779 iunguntur,
1016 1709 1051 1763 ut
1079 1704 1200 1764 eosdem
1222 1707 1290 1762 κατὰ

145 1807 254 1877 στίχον
286 1806 401 1883 positos
434 1803 534 1862 dicere
563 1805 676 1881 possis,
704 1803 788 1862 velut
809 1804 919 1882 Amph.
943 1805 1005 1864 216
1033 1825 1098 1884 sqq.
1144 1804 1291 1890 Disercsiu

145 1907 272 1966 habeut
302 1911 371 1984 post
405 1905 534 1966 alterum
567 1908 724 1980 creticum,
759 1925 853 1984 eoque
885 1907 952 1966 loco
985 1907 1103 1967 facilius
1136 1927 1225 1988 quam
1258 1909 1290 1968 in

147 2009 267 2069 ceteris
298 2009 414 2068 hiatum
447 2007 560 2082 ferrmt3
595 2009 669 2086 quin
702 2009 793 2068 etiam
827 2007 925 2068 brevis
959 2008 1076 2085 syllaba
1112 2000 1173 2088 pro'
1201 2011 1291 2086 longa

145 2113 319 2171 invenitur.
365 2110 562 2171 Tetrametris
587 2101 741 2170 interdum
762 2111 1008 2171 intermiscentur
1029 2111 1079 2170 alii
1101 2131 1206 2172 versus
1228 2133 1290 2172 cre·

145 2215 223 2288 tici,
252 2215 381 2272 maxime
409 2213 543 2286 dimetri,
577 2211 729 2273 clauditur
762 2217 862 2272 autem
891 2215 985 2274 series
1013 2214 1076 2273 fere
1104 2214 1290 2274 brevioribus
1323 2255 1327 2262 -

146 2315 293 2376 versibus
326 2315 459 2374 eiusdem
491 2321 545 2374 aut
577 2316 696 2394 cognati
728 2317 861 2394 generis,
894 2317 914 2374 i.
944 2335 969 2376 e.
1001 2322 1054 2375 aut
1086 2317 1204 2376 creticis
1239 2323 1292 2377 aut

147 2417 328 2478 trochaicis.

243 2518 291 2579 Ex
324 2519 498 2580 catalectico
530 2539 639 2598 genere
671 2525 849 2580 tetrameter
880 2519 913 2578 iu
944 2519 1135 2582 liberioribus
1168 2525 1291 2584 canticis

148 2643 219 2684 non
241 2641 403 2700 numquam
424 2623 579 2700 repetitur,
601 2626 637 2681 ut
653 2620 787 2682 Trinum.
809 2624 870 2683 244
893 2641 959 2700 sqq.
984 2624 1045 2683 293
1070 2642 1135 2702 sqq.
1158 2653 1202 2664 -
1228 2625 1291 2698 „De

146 2743 297 2786 versuum
332 2725 510 2784 ereticorum
543 2745 601 2784 usu
629 2722 793 2784 Plautino“
829 2729 969 2785 accurate
1002 2726 1066 2800 egit
1092 2727 1128 2786 A.
1153 2726 1289 2806 Spengel,

148 2827 289 2890 Beroliu.
316 2826 408 2886 1861.

244 2929 426 3006 Auteposito
465 2928 584 2988 creticis
622 2927 722 2988 iambo
760 2928 909 2988 bacchii
951 2931 1099 2989 oriuntur.
1146 2929 1290 2990 Bacchius

152 3032 197 3108 (υ
216 3069 250 3080 -
267 3028 315 3106 -)
344 3050 405 3090 nou
433 3050 500 3089 eam
528 3031 676 3090 rationem
697 3029 791 3090 habet
812 3031 970 3109 longarum
993 3038 1023 3090 et
1044 3031 1180 3092 brevium
1202 3034 1290 3110 sylla-

147 3137 275 3208 barum,
292 3139 328 3193 ut
343 3134 465 3211 proprie
483 3152 537 3211 pes
555 3131 615 3191 dici
631 3135 745 3210 possit3
768 3153 837 3192 uam
857 3133 1050 3211 quambrevi
1068 3133 1191 3209 syllaba
1208 3136 1291 3211 prior

148 3239 249 3312 longa
270 3234 462 3314 respondeat,
487 3235 582 3293 altera
603 3239 703 3294 autem
724 3235 801 3295 nihil
822 3235 941 3309 habeat,
962 3236 1010 3294 cui
1026 3241 1204 3312 opponatur,
1227 3257 1289 3295 rem

149 3358 228 3400 vere
250 3338 411 3398 aestimanti
434 3357 500 3416 'non
527 3356 581 3414 pes
610 3341 656 3396 est
683 3337 738 3396 sed
767 3338 892 3397 duorum
920 3336 1030 3415 pedum
1057 3343 1170 3414 partes.
1216 3338 1314 3422 Bac-t

152 3441 254 3502 chiaci
273 3440 370 3517 igitur
389 3457 494 3497 versus
517 3429 623 3507 cretici
640 3444 711 3499 sunt
733 3460 799 3500 cum
822 3429 958 3499 anacrusi
979 3438 1116 3514 iambica,
1136 3445 1168 3498 et
1187 3460 1290 3500 carere

151 3547 332 3621 poteramus
347 3540 401 3600 illo
418 3541 545 3615 nomine,
563 3542 617 3602 sed
633 3542 797 3602 retinemus
820 3543 870 3601 vel
891 3541 1118 3610 consuetudinis
1140 3543 1189 3602 vel
1210 3563 1290 3602 oom-

153 3644 314 3706 moditatia
336 3663 434 3703 causa.
470 3641 548 3702 Nam
570 3643 830 3724 frequentissimus
851 3644 940 3703 huius
961 3645 1078 3722 generis
1099 3663 1215 3718 versus,
1239 3647 1291 3722 qui

156 3767 197 3806 ex
222 3746 341 3820 iambo,
370 3745 487 3806 duobus
516 3747 653 3820 creticis,
680 3746 796 3806 duobus
825 3745 965 3807 trochaeis
993 3750 1123 3820 constat,
1153 3745 1233 3805 idem
1259 3748 1291 3808 iu

158 3853 307 3928 quattuor
338 3847 479 3908 bacchica
511 3847 606 3908 dividi
639 3853 742 3926 potest
774 3848 919 3928 brevique
953 3853 984 3908 et
1016 3848 1145 3926 simplici
1170 3851 1291 3910 nomine

158 3954 384 4011 tetrameter
404 3949 628 4011 bacchiacus
650 3951 798 4030 appellari
816 3951 894 4010 solet
916 3943 1289 4032 (ν--Ιν--Ιν--Ι

160 4051 295 4128 ν--).
331 4053 426 4126 Quam
448 4052 603 4113 dividendi
624 4055 772 4113 rationem
795 4054 847 4131 qui
870 4073 906 4114 ec
928 4055 1047 4114 nomine
1070 4055 1289 4130 commendant,

187 4284 213 4354 *)
231 4283 452 4341 coniunctorum
463 4303 595 4342 versuum
607 4287 778 4364 paucissima
790 4286 920 4357 exempla
932 4291 1006 4354 suut,
1019 4290 1053 4342 ut
1061 4283 1161 4341 Psentl
1173 4289 1239 4342 13⁸2
1249 4303 1290 4357 sq.

230 4368 412 4443 „tdprcbalre
424 4370 507 4428 Hinc
521 4371 661 4442 gregem“.
684 4373 768 4444 Epid.
784 4375 833 4429 ΠΒ
846 4389 888 4442 sq.
904 4371 1031 4442 „credidi
1042 4369 1167 4442 ulxtrem
1180 4371 1288 4446 quam“.
