2960 5038
236 477 301 542 555
559 461 565 476 ”
696 469 909 542 Probum

235 666 398 727 licentiam.
431 663 509 754 Nam
529 670 565 726 ut
585 663 666 744 apud
688 665 788 745 epicos
806 671 913 744 poetas
938 662 1066 740 ,endo“,
1092 661 1236 740 ,immo“,
1263 661 1375 739 ,octo‘

237 769 449 847 corripiuntur,
471 766 517 826 ita
538 765 620 846 apud
641 766 783 828 Plautum
804 768 895 828 etium
918 763 1045 844 quaudo
1066 774 1211 847 sequente
1235 763 1382 845 5556555

236 893 265 934 5.
286 871 368 932 bien.
393 871 485 931 1093.
518 867 610 930 Marc.
636 869 707 930 169.
740 869 824 928 Tria.
847 871 919 930 552.
945 871 1017 932 991.
1061 869 1162 947 Negat
1191 869 1382 948 Spengelius

236 995 267 1054 p.
284 976 337 1049 77,
360 972 414 1034 556
434 973 480 1031 ita
500 977 536 1032 ut
560 967 718 1050 ,quidem“
742 970 979 1049 monosyllabum
1001 970 1067 1032 lieri
1089 977 1122 1032 55
1142 973 1268 1034 51555555
1280 992 1383 1052 pror·

236 1096 288 1137 555
312 1075 414 1154 555555
442 1079 572 1134 censeat.
615 1072 678 1134 Nec
704 1075 803 1134 minus
829 1070 861 1134 si
887 1079 958 1134 ante
986 1070 1128 1152 quidem,
1150 1094 1180 1136 5.
1202 1073 1273 1134 Aul.
1300 1076 1384 1136 678.

236 1176 346 1237 Bacch.
370 1177 442 1237 352.
475 1175 567 1236 11555.
591 1177 663 1238 659.
697 1174 775 1236 1156.
799 1177 873 1236 464.
896 1176 935 1236 51.
957 1197 986 1236 5.
1008 1175 1148 1254 Spengel.
1173 1197 1205 1254 p.
1229 1179 1269 1235 75
1293 1197 1382 1257 sqq.,

238 1281 373 1359 quamvis
399 1299 463 1340 rem
489 1284 587 1358 neget.
631 1277 725 1338 Recte
753 1297 826 1338 5555
848 1277 985 1340 idemV.
1008 1277 1045 1338 D.
1067 1299 1098 1358 p.
1123 1279 1163 1338 62
1187 1298 1255 1357 sqq.
1274 1281 1383 1338 anim·

239 1382 384 1456 56555555,
412 1378 538 1460 55555555
566 1379 647 1460 5556
669 1381 810 1440 Plautum
838 1385 1013 1442 constanter
1039 1380 1178 1440 nltimam
1207 1382 1385 1460 corripere.

205 1483 337 1558 ,Etiam
365 1499 385 1544 5
409 1484 587 1562 5555551555
620 1483 783 1563 corripitur
809 1484 903 1544 Most.
926 1483 998 1543 994.
1031 1481 1141 1544 Ρ5556.
1166 1484 1259 1545 1141.
1286 1483 1383 1543 Trin.

239 1587 311 1646 969.
355 1579 493 1647 Ecastor
519 1586 650 1664 primam
679 1586 806 1665 corripit
834 1584 1030 1647 antecedente
1058 1603 1122 1646 555.
1151 1584 1381 1662 monosyllabo,

238 1686 401 1748 secundnm
421 1687 556 1766 regulam
576 1687 709 1762 Mulieri,
731 1688 784 1764 qui
804 1686 887 1748 locos
909 1687 1031 1765 collegit
1051 1708 1082 1768 p.
1106 1690 1180 1749 367.

323 1790 444 1870 Itaque,
472 1795 508 1850 ut
535 1791 636 1850 omnia
662 1788 796 1850 65555555
823 1789 1125 1870 comprehendamus,
1148 1789 1289 1850 Plautum
1318 1810 1383 1876 ap-

237 1899 328 1973 paret
359 1911 438 1972 sepe
466 1893 586 1952 5555155
612 1892 717 1970 longas
745 1893 912 1972 corripere,
941 1894 974 1954 in
1001 1894 1039 1954 iis
1072 1893 1181 1954 saltem
1214 1891 1386 1954 555565115-

239 2000 294 2056 555
316 1995 531 2054 vocabulorum
557 1993 712 2071 partibus,
741 2014 808 2072 qua
835 1995 927 2056 iambi
949 1996 1076 2056 formum
1107 1994 1275 2074 praebeant
1320 1995 1383 2054 Fit

238 2099 295 2158 hoc
324 2097 475 2177 precipue
506 2095 538 2156 in
570 2097 728 2174 particulis
761 2103 794 2158 et
825 2097 1069 2178 pronominibus,
1100 2117 1135 2158 sc
1160 2097 1280 2157 15551555
1308 2095 1381 2158 brec

238 2201 362 2260 licentia
382 2199 415 2258 iu
436 2198 533 2277 primo
555 2196 634 2278 pede
651 2201 764 2258 senarii
780 2219 814 2260 55
832 2200 996 2279 septenarii
1017 2199 1162 2260 trochaici
1184 2198 1379 2274 conceditur,

239 2306 284 2362 555
309 2307 345 2361 55
370 2321 428 2381 555
457 2300 548 2380 longa
573 2299 690 2378 syllaba
711 2306 841 2379 ponatur
862 2300 988 2362 iambus.
1034 2301 1095 2362 Sed
1115 2321 1171 2362 nec
1191 2301 1239 2360 bis
1260 2299 1380 2360 linibus

239 2404 338 2464 omnia
360 2404 586 2482 circumscripta
613 2407 698 2476 sunt,
726 2407 758 2462 et
784 2408 850 2464 tota
877 2403 941 2464 6555
967 2423 1015 2464 555
1037 2423 1077 2468 ex
1096 2405 1287 2482 antiquorum
1308 2403 1380 2464 elo·

239 2503 352 2584 quendi
380 2507 498 2566 ratione
526 2510 600 2584 apta
627 2508 687 2578 est,
716 2522 806 2581 quam
832 2524 888 2564 nos
911 2505 1099 2584 ignoramus3
1121 2525 1216 2584 quare
1237 2507 1270 2564 in
1291 2505 1379 2564 indi·

239 2607 351 2681 cando,
375 2607 448 2686 qnid
469 2605 535 2666 6555
558 2611 611 2666 555
638 2605 735 2685 555555
763 2611 816 2666 sut
843 2627 905 2666 non
926 2609 1038 2686 possit,
1061 2627 1178 2670 summa
1200 2607 1321 2668 5555515
1344 2613 1379 2670 55

238 2709 388 2771 modestia
410 2707 580 2770 adhibenda
601 2712 656 2767 555.

324 2911 405 2973 Illud
420 2911 600 2986 addendum,
617 2913 650 2972 in
666 2911 804 2973 Graecis
826 2911 995 2974 nominibus
1016 2913 1109 2974 latius
1126 2915 1262 2994 patuisse
1279 2914 1380 2976 licen·

238 3017 313 3076 tiam
340 3015 487 3075 vocalium
514 3014 563 3074 vel
590 3015 725 3075 brevium
751 3013 1012 3094 producendorum
1038 3015 1088 3076 551
1113 3017 1381 3097 corripiendarum

238 3119 406 3197 longarum.
438 3116 517 3178 Nam
538 3122 573 3177 ut
596 3117 677 3196 apud
699 3119 799 3196 epicos
820 3123 926 3196 555555
944 3119 1034 3178 metri
1049 3121 1229 3180 necessitate
1247 3125 1381 3197 cogente

243 3217 444 3298 ,Priamides“
470 3221 600 3300 primam
620 3219 770 3298 producit,
794 3221 840 3279 ita
861 3219 944 3297 apud
965 3220 1107 3281 Plautum
1128 3223 1228 3300 prima
1252 3220 1381 3298 syllaba

238 3323 377 3386 vocabuli
399 3316 580 3396 Acherrae,
610 3340 676 3400 que
706 3320 788 3401 apud
809 3321 929 3384 655555
951 3322 1052 3382 655555
1075 3326 1135 3396 555,
1159 3342 1238 3401 5555
1260 3321 1380 3402 produ·

240 3429 327 3488 citur.
371 3425 494 3503 Semper
519 3424 641 3501 longam
667 3443 731 3484 5555
753 3423 929 3504 Spengelius
951 3445 982 3503 p.
1006 3425 1046 3484 69
1069 3444 1136 3503 sqq.
1164 3424 1294 3504 probare
1321 3445 1379 3485 co·

239 3535 328 3590 natus
353 3535 414 3602 555,
438 3527 490 3588 556
511 3527 633 3586 frustra.
655 3557 700 3568 -
721 3526 806 3588 6555.
830 3529 892 3588 430
918 3524 1235 3604 ,Therapontigonns“
1260 3527 1380 3603 legitur

239 3631 370 3692 secunda
388 3631 487 3709 longa.
505 3660 549 3672 —
564 3629 631 3688 Huc
652 3629 759 3688 referri
779 3635 901 3710 potarat
922 3631 1014 3690 etiam
1035 3650 1094 3690 vox
1117 3625 1281 3708 trapezita,
1304 3649 1378 3708 quse

239 3754 318 3814 saepe
339 3735 468 3813 primam
488 3731 638 3810 producit,
661 3733 721 3790 nisi
743 3732 931 3810 probabilior
949 3738 1028 3792 esset
1042 3731 1200 3792 Ritscbelii
1221 3733 1378 3792 sententia

240 3832 363 3915 (05555.
373 3835 412 3909 Π,
429 3855 460 3914 5.
476 3836 537 3894 524
549 3830 640 3912 sqq),
658 3835 711 3911 qui
722 3833 874 3894 Romanos
891 3835 1031 3912 antiquos
1046 3835 1148 3912 potius
1167 3830 1377 3912 arcessitae

240 3939 350 3998 dixisse
371 3941 470 4018 putat.
514 3935 591 3996 Nam
619 3955 685 4014 quse
715 3937 796 4014 apud
819 3936 938 3996 Grecos
967 3938 1050 4015 ipsos
1071 3935 1222 3996 interdum
1244 3935 1332 4010 fitin
1354 3955 1376 3998 r

238 4040 343 4100 littera
364 4059 431 4101 cum
452 4043 537 4099 muta
559 4040 719 4099 coniuncta
734 4039 931 4117 transpositio
951 4035 1074 4116 (θράσος
1091 4043 1122 4096 55
1137 4039 1257 4115 θάρσος,
1274 4041 1377 4116 κράτος

240 4148 272 4202 55
293 4145 403 4220 κάρτος,
426 4133 547 4218 &pauor
568 4147 600 4202 et
621 4141 756 4219 6555555,
777 4143 876 4219 555615
898 4147 929 4200 55
949 4137 1076 4219 555615),
1099 4160 1136 4200 55
1158 4143 1266 4218 saepius
1289 4144 1377 4222 apud

242 4245 382 4323 antiquos
403 4243 531 4304 Latinos
558 4243 641 4304 facta
669 4243 805 4318 5565555,
827 4244 911 4304 55155
934 4248 965 4303 55
985 4243 1186 4304 Trasumenus
1208 4249 1239 4303 55
1260 4243 1376 4304 Tarsu-

240 4366 343 4406 menus
365 4346 522 4406 dicebatur
544 4342 766 4421 (5655555511,
785 4351 813 4421 5,
834 4349 882 4408 13.
904 4345 1010 4424 Polyb.
1032 4347 1086 4420 ΠΙ,
1110 4343 1174 4421 62),
1198 4345 1376 4410 Graecorum
