2992 5054
250 485 291 546 26
767 477 860 532 nnus
1097 524 1102 534 ,
1176 476 1199 545 1,
1210 480 1234 545 r,
1245 479 1382 532 aec-ars

758 666 873 734 Sosia

249 778 390 861 Egomet
410 775 492 842 mihi
514 797 581 842 non
601 775 713 856 credo,
736 797 836 860 quom
852 774 951 842 illaec
967 779 1139 842 autumare
1155 775 1252 842 illum
1268 777 1384 856 audio;

250 887 313 952 llio
336 885 469 972 quidem
497 891 587 950 certe
616 906 699 970 qnae
728 885 797 950 illic
821 891 898 950 sunt
919 905 972 951 res
994 891 1107 967 gestae
1130 893 1294 952 memorat
1315 909 1385 952 me-

966 993 1112 1060 moriter.

250 1103 315 1169 Sed
338 1101 417 1188 quid
439 1103 511 1168 ais?
539 1101 618 1188 quid
639 1101 869 1186 Amphitruoni
892 1101 968 1168 doni
990 1123 1011 1166 a
1031 1101 1185 1169 Telebois
1213 1103 1384 1170 datumst?

702 1211 928 1276 Mercurius

249 1319 383 1386 Pterela
404 1341 463 1386 rex
485 1321 543 1406 qni
563 1321 706 1406 potitare
730 1319 846 1385 solitus
870 1325 920 1386 eet
941 1325 1059 1404 patera
1080 1340 1191 1386 aurea.
1329 1323 1384 1374 415

757 1427 873 1494 Sosia

250 1535 408 1602 Elocutus
430 1542 491 1602 est.
535 1536 599 1603 Ubi
622 1543 739 1622 patera
761 1558 848 1602 nuno
869 1537 943 1602 est?

704 1645 928 1712 Mercurius

962 1752 1000 1820 ln
1023 1752 1195 1834 cistellula,

249 1861 498 1948 Amphitruonis
521 1862 696 1946 obsignata
718 1861 811 1944 signo
835 1867 895 1927 est.

436 1987 439 1995 '
758 1971 873 2038 Sosia

910 2078 1001 2162 Signi
1023 2077 1076 2145 dic
1098 2079 1177 2165 quid
1200 2081 1278 2146 est?

700 2187 927 2254 Mercurius
1096 2189 1100 2196 '

250 2296 332 2363 Cum
354 2297 523 2383 quadrigis
546 2295 603 2364 Sol
625 2299 783 2364 exoriens.
819 2296 904 2374 Quid
926 2317 978 2363 me
1001 2301 1124 2382 captas,
1150 2297 1333 2364 camnfex?

759 2405 873 2472 Sosia

249 2515 458 2598 Argumentis
480 2515 571 2580 uicit.
615 2512 714 2580 Aliud
736 2535 854 2580 nomen
876 2513 1137 2598 quaerundumst
1154 2513 1246 2580 mihi.

249 2623 368 2689 Nescio
391 2621 478 2690 unde
505 2622 589 2688 haec
617 2621 672 2687 hio
699 2623 871 2706 spectauit.
916 2623 987 2687 Iam
1015 2643 1074 2706 ego
1102 2621 1189 2688 hunc
1216 2623 1383 2709 decipiam

968 2731 1086 2815 probe;
1327 2733 1385 2787 420

249 2841 334 2906 Nam
356 2840 443 2925 qnod
466 2845 596 2923 egomet
618 2841 707 2907 eolus
729 2838 792 2904 ieci
814 2859 876 2904 nec
899 2839 1073 2924 quisquam
1097 2838 1180 2904 alius
1203 2839 1311 2908 adfuit

250 2949 288 3014 ln
310 2950 514 3029 tabernaclo,
536 2949 570 3014 id
593 2935 725 3034 quidem
746 2947 843 3014 hodie
865 2969 1045 3033 numquam
1067 2949 1190 3033 poterit
1212 2948 1331 3016 dicere.

250 3057 343 3124 Situ
367 3058 462 3124 Sosia
484 3080 528 3138 es,
550 3057 697 3141 legiones
720 3078 818 3142 quom
841 3057 1031 3141 pugnabant
1052 3079 1211 3138 maxume,

251 3166 337 3244 Quid
358 3167 392 3230 in
415 3166 606 3232 tabernaclo
629 3165 760 3232 fecisti?
781 3165 899 3232 Uiotns
921 3187 1002 3245 sum,
1026 3167 1054 3230 si
1077 3164 1205 3232 dixeris.

703 3275 926 3340 Mercurius

251 3383 361 3449 Cadus
384 3390 458 3449 erat
479 3383 563 3464 uini3
585 3382 662 3449 inde
683 3383 809 3467 inpleui
830 3383 986 3448 hirneam.

758 3492 873 3557 Sosia

989 3599 1175 3685 Ingressust
1196 3602 1294 3668 uiam.
1326 3613 1381 3666 425

702 3709 926 3776 Mercurius

248 3816 331 3882 Eam
354 3839 424 3901 ego,
447 3824 486 3885 nt
506 3825 612 3885 matre
633 3815 745 3884 linerat
765 3821 889 3898 natum,
912 3817 981 3884 uini
1003 3818 1101 3885 eduxi
1123 3821 1213 3885 meri.

756 3925 872 3992 Sosia

249 4035 419 4100 Factumst
439 4034 530 4116 illud,
552 4041 591 4100 ut
613 4056 673 4121 ego
695 4035 764 4102 illic
785 4036 855 4102 nini
876 4034 1025 4102 hirneam
1046 4036 1206 4103 ebiberim
1227 4040 1320 4106 meri.

249 4143 333 4207 Mira
355 4149 439 4221 sunt,
463 4143 526 4208 nisi
546 4142 646 4210 latuit
666 4145 755 4212 intus
777 4145 845 4210 illic
866 4144 901 4209 in
922 4144 1001 4210 illac
1022 4143 1147 4212 hirnea.

316 4291 520 4345 cledonium
591 4291 761 4346 elesiario
829 4293 880 4346 422
897 4300 923 4348 et
939 4295 991 4348 424
1010 4295 1191 4350 tabernaculo
1260 4298 1312 4350 425
1330 4298 1374 4351 In·

248 4393 359 4445 gressus
377 4383 408 4430 tu
427 4377 483 4430 iam
