2992 5054
127 513 150 580 I,
162 516 187 580 2,
200 516 319 580 14-3,3
607 515 784 585 Amphitruo.

172 702 258 769 Nem
279 702 473 787 Amphitruo
497 710 647 771 actutum
669 707 764 772 uxori
786 705 901 772 turbas
925 708 1064 786 conciet,

171 814 281 895 Atque
304 812 508 877 insimulabit
530 835 604 879 eam
625 814 753 899 probri3
776 819 847 880 tum
869 837 961 880 meus
983 822 1081 898 pater

171 919 257 984 Eam
280 921 473 986 seditionem
495 923 543 987 illi
566 923 599 986 in
622 923 837 1005 tranquillum
860 923 1015 988 conferet.

171 1030 268 1094 Nunc
292 1030 331 1094 de
356 1030 535 1096 Alcumeus
557 1030 679 1097 dudum
702 1031 789 1114 quod
812 1031 879 1096 dixi
901 1034 1016 1112 minue,
1209 1033 1261 1086 4⁷5

171 1139 280 1203 Hodie
302 1138 361 1202 ille
382 1140 489 1222 periet
511 1139 594 1204 filios
616 1141 761 1222 geminos
785 1139 880 1220 duoe3

170 1247 267 1311 Alter
290 1247 426 1313 decumo
449 1255 524 1332 post
545 1269 655 1314 mense
677 1242 832 1314 noscetur
854 1269 937 1333 puer

171 1354 279 1431 Quem
301 1357 505 1436 seminatnst,
530 1357 616 1422 alter
638 1377 749 1424 mense
771 1364 930 1441 septumo.

170 1463 297 1528 Eorum
318 1462 565 1547 Amphitruonis
588 1465 672 1530 alter
694 1473 753 1545 est,
778 1466 864 1531 alter
886 1467 990 1548 Iouis3

170 1571 296 1637 Uerum
318 1573 437 1637 minori
459 1595 560 1656 puero
583 1575 688 1639 maior
710 1581 761 1639 est
783 1579 887 1657 pater,

170 1681 281 1745 Minor
304 1682 429 1745 maiori.
464 1681 576 1746 Iamne
599 1683 662 1746 hoc
685 1684 784 1762 scitis,
809 1682 888 1765 quid
910 1685 995 1749 siet?

170 1789 238 1854 Sed
260 1790 460 1855 Alcumenae
483 1790 580 1856 huius
602 1790 736 1856 honoris
759 1791 867 1872 gratie

168 1897 272 1976 Pater
295 1899 435 1977 curauit,
457 1919 523 1964 uuo
544 1905 583 1964 ut
604 1899 675 1964 fetu
696 1898 799 1981 fieret,

165 2005 247 2092 Jlno
268 2011 307 2070 ut
329 2006 444 2072 labore
467 2007 621 2073 absoluat
643 2028 817 2074 aerumnas
840 2006 930 2088 dues,

169 2114 217 2179 Et
237 2135 279 2199 ne
301 2115 334 2180 in
356 2117 540 2199 suspicione
563 2123 707 2199 ponatur
727 2118 844 2200 stupri,

171 2222 218 2286 Et
240 2223 446 2288 clandestina
468 2231 506 2288 ut
529 2224 654 2290 celetur
678 2226 855 2290 consuetio.

172 2331 387 2414 Quamquam,
410 2333 536 2397 utiam
559 2332 681 2399 dudum
704 2334 780 2414 dixi,
803 2335 958 2400 resciscet
979 2342 1094 2402 temen

171 2440 369 2525 Amphitruo
391 2461 462 2506 rem
484 2462 621 2505 omnem.
656 2441 741 2520 Quid
764 2443 887 2526 igitur?
909 2465 1004 2510 nemo
1027 2445 1062 2511 id
1084 2448 1206 2531 probro

172 2549 326 2614 Profecto
350 2547 447 2614 ducet
468 2548 681 2630 Alcumenae3
704 2571 781 2615 nam
803 2552 900 2618 deum

171 2657 246 2722 Non
268 2679 331 2743 per
351 2658 484 2723 uidetur
505 2657 623 2736 lacere,
648 2657 803 2725 delictum
825 2680 920 2725 suum
1208 2665 1261 2720 490

172 2767 335 2850 Suamque
359 2766 490 2850 culpem
513 2773 668 2850 expetere
690 2769 724 2832 in
746 2768 918 2834 mortalem
940 2774 978 2834 ut
1000 2770 1095 2837 sinat.
1163 2849 1165 2852 Ι

172 2875 363 2940 Orationem
385 2876 603 2959 conprimam3
627 2877 756 2960 crepuit
777 2875 867 2941 loris.

170 2981 367 3066 Amphitruo
389 2982 572 3048 subditiuos
594 3005 708 3050 eccum
731 2985 799 3050 exit
821 2985 909 3050 fores

171 3089 256 3156 Cum
276 3089 457 3156 Alcumena
477 3111 581 3156 uxore
602 3093 761 3158 usurario.

290 3478 498 3546 IUPPITER.
543 3479 789 3546 ALCUMENA.
835 3481 1097 3552 MERCURIUS.

603 3634 647 3700 lu
708 3636 789 3700 iter

124 3744 216 3810 Bene
239 3741 324 3821 uelo,
347 3741 536 3822 Alcumena,
561 3655 732 3808 euralldm
755 3765 967 3826 communem,
985 3747 1073 3828 quod
1090 3746 1180 3827 facis,
1205 3758 1258 3812 495

124 3853 235 3934 Atque
258 3851 391 3934 inperce
414 3872 550 3933 quaeso;
574 3852 693 3916 mensis
715 3852 788 3930 iem,
803 3853 865 3918 tibi
889 3875 958 3919 esee
981 3860 1072 3921 actos
1094 3856 1196 3922 uides.

124 3960 209 4026 Mihi
231 3965 398 4025 necessest
419 3960 467 4025 ire
489 3958 580 4041 hinc;
602 3981 719 4024 uerum
741 3961 828 4044 quod
851 3963 916 4028 erit
938 3969 1052 4029 netum
1073 3964 1191 4030 tollito.

196 4239 248 4291 479
265 4237 373 4292 contiet
435 4239 486 4292 479
504 4238 677 4292 insimuleuit
695 4255 756 4293 sem
774 4241 917 4310 proprium
936 4259 1013 4300 meus
1070 4244 1257 4299 4784614914-

125 4328 173 4376 tus
233 4325 285 4377 486
303 4324 409 4376 celetur
427 4323 550 4393 suspicio
615 4327 667 4378 488
686 4325 753 4394 quid
771 4315 864 4395 sgitu'r
923 4331 972 4382 491
993 4328 1131 4398 Spemque
1149 4335 1181 4382 ut
1200 4331 1257 4384 cul·

125 4425 193 4478 pom
245 4411 296 4463 495
314 4409 381 4477 quid
432 4411 484 4464 496
502 4413 541 4463 At
559 4411 627 4480 quin
644 4427 730 4480 perge
1266 4443 1270 4453 ·
