2992 5054
469 1559 599 1626 SOSIA.
644 1561 903 1631 MERCURIUS.

626 1714 751 1782 Sosia.

121 1821 184 1900 Qui
207 1842 260 1887 me
282 1823 369 1888 alter
390 1830 442 1888 est
463 1823 621 1888 audacior
643 1824 739 1890 homo
764 1831 821 1890 aut
844 1827 899 1910 qui
922 1827 1148 1908 confidentior,

119 1930 309 1996 quentutis
330 1953 439 1997 mores
462 1933 518 2014 qui
541 1934 652 2013 seiam,
675 1933 732 2016 qui
753 1933 816 1999 boc
835 1936 941 2000 noctis
961 1937 1049 2001 solus
1066 1936 1251 2004 ambulem?

121 2039 208 2118 Quid
219 2038 350 2120 faciam,
368 2061 455 2104 nuno
472 2042 501 2105 si
517 2043 649 2106 tresuiri
661 2064 712 2107 me
723 2044 757 2107 in
769 2063 935 2108 carcerem
948 2046 1183 2128 conpegerintl
1203 2055 1251 2108 155

119 2148 202 2212 Inde
225 2169 299 2213 cras
322 2170 340 2213 e
362 2151 589 2232 promptuaria
612 2151 696 2215 cella
718 2151 893 2234 depromar
915 2153 958 2216 ad
980 2152 1128 2235 flagrum,

119 2257 191 2320 Neo
209 2277 341 2322 oausam
357 2257 457 2322 liceat
476 2258 585 2324 dicere
602 2256 691 2338 mihi,
710 2279 815 2341 neque
833 2261 867 2324 in
884 2281 940 2325 aro
957 2262 1132 2345 quiequam
1150 2264 1251 2328 auxili

120 2365 200 2445 Siet,
213 2387 274 2430 neo
287 2367 459 2448 quisquam
476 2367 527 2446 sit,
547 2368 626 2449 quin
642 2389 693 2431 me
711 2389 823 2433 omnes
841 2390 912 2434 esse
930 2370 1064 2454 dignum
1082 2371 1249 2456 deputent.

121 2473 175 2538 lta
198 2476 293 2556 quasi
310 2473 462 2539 incudem
480 2497 531 2539 me
549 2477 704 2540 miserum
720 2476 867 2542 homines
886 2485 960 2544 octo
977 2478 1081 2544 ualidi
1098 2479 1249 2546 caedant.

121 2583 175 2647 Ita
197 2605 343 2666 peregre
356 2581 534 2649 adueniens
556 2583 698 2667 hospitio
721 2585 899 2667 publicitus
923 2587 1077 2671 accipiar.
1202 2589 1251 2643 160

121 2689 214 2754 Haec
237 2691 285 2755 eri
306 2692 503 2756 inmodestia
526 2693 641 2774 coegit,

120 2799 174 2864 Me
197 2800 253 2881 qui
274 2797 337 2863 hoe
360 2801 467 2865 noctis
490 2820 511 2864 a
532 2807 631 2885 portu
653 2799 789 2884 ingratis
813 2803 980 2869 excitauit.

120 2906 237 2972 Nonne
259 2906 347 2972 idem
368 2908 432 2973 boc
454 2908 520 2972 luoi
541 2930 593 2974 me
616 2910 746 2974 mittere
769 2910 899 2992 potnit?

121 3015 286 3098 Opnlento
309 3015 432 3081 homini
454 3016 518 3082 hoo
541 3018 680 3082 seruitus
703 3017 833 3083 durast:

123 3123 212 3208 [Hoc
234 3125 337 3207 magis
358 3126 459 3190 miser
481 3132 532 3190 est
555 3125 667 3191 diuitis
689 3124 831 3209 sennem]

120 3233 309 3314 Noctesque
332 3231 466 3314 diesque
489 3234 627 3300 adsiduo
651 3237 731 3300 satis
754 3243 957 3319 superquest,

122 3339 192 3418 Quo
215 3337 306 3405 facto
329 3347 387 3404 ant
410 3341 497 3407 dicto
522 3341 636 3408 adeost
658 3365 749 3427 opus,
772 3345 901 3427 quietus
927 3365 967 3410 ne
990 3345 1044 3410 sis.

121 3449 196 3533 Ipse
220 3448 372 3513 dominus
395 3449 488 3514 diues
512 3452 621 3534 operis
645 3456 679 3516 et
700 3451 823 3517 laboris
846 3473 972 3536 expers,

123 3557 357 3638 Quodcumque
379 3557 502 3623 homini
525 3559 648 3624 accidit
669 3559 791 3638 lubere,
814 3581 911 3643 posse
932 3567 1039 3640 retur3

121 3666 269 3747 Aequom
291 3686 362 3730 esse
385 3672 497 3749 putat;
519 3689 586 3732 non
607 3673 749 3750 reputat,
774 3667 896 3733 laboris
920 3668 998 3750 quid
1021 3669 1073 3748 sit,
1201 3677 1250 3730 1'10

121 3775 200 3852 Nec,
224 3795 363 3856 aequom
386 3795 470 3840 anne
492 3776 637 3858 iniquom
658 3777 805 3860 imperet,
830 3775 998 3859 cogitabit.

121 3883 209 3966 Ergo
233 3884 266 3948 in
289 3883 449 3949 seruitute
472 3890 631 3968 expetunt
652 3885 757 3950 multa
778 3885 907 3967 iniqua;

121 3991 319 4057 Habendum
341 3997 375 4055 et
396 3991 570 4058 ferundum
591 3994 655 4058 hoo
677 3999 775 4058 onust
798 4013 871 4057 cum
892 3991 1016 4057 labore.

191 4271 240 4323 156
257 4271 430 4339 promptaria
500 4273 550 4324 1⁶⁷
567 4287 629 4340 neq.
648 4287 741 4324 mero
813 4273 862 4325 158
880 4271 933 4326 siat
949 4269 1131 4328 mamam
1151 4287 1249 4326 vasta

121 4361 162 4410 est
230 4354 302 4409 Post
321 4371 344 4408 o.
371 4359 419 4410 159
440 4358 574 4411 meritur
595 4359 648 4411 171
670 4372 721 4412 auo
744 4358 804 4412 loco
827 4371 971 4411 renorma
1042 4357 1091 4410 160
1108 4355 1249 4423 publicius

123 4442 171 4495 167
189 4441 271 4495 adest
341 4443 390 4496 1⁷3
408 4459 477 4511 opus
496 4447 539 4496 est
