2956 5018
565 495 777 566 Prolegomena
1177 505 1238 566 17¹7

104 692 268 752 trochaioos
291 711 413 765 versus,
437 711 527 770 quum
551 693 623 752 olim
645 695 818 752 institutum
841 696 935 766 esset,
958 697 993 751 ut
1014 691 1124 752 alterni
1145 693 1238 772 pedes

105 791 148 868 (in
168 794 306 854 iambicis
327 796 443 874 primus
466 799 497 853 et
518 797 634 870 tertius,
657 797 690 854 in
707 795 868 856 trochaicis
885 794 1032 854 secundus
1051 799 1082 854 at
1098 794 1236 873 quartus)

104 899 191 956 etiam
212 897 343 976 spondei
366 915 430 956 csse
451 902 590 976 possent,
614 917 674 958 non
697 899 803 958 iambis
828 903 882 957 aut
907 897 1045 956 trochaeis
1073 898 1127 957 sed
1153 899 1238 978 dipo-

107 998 160 1057 diis
179 1000 321 1060 iambicis
343 1006 397 1059 aut
418 1000 579 1060 trochaicis
606 1000 826 1074 metiebantur,
849 1001 1065 1077 trimetrosque
1087 1000 1237 1076 dicebant,

104 1101 154 1179 qui
175 1121 236 1176 sex,
261 1107 466 1176 tetrametros,
491 1103 543 1180 qui
564 1107 633 1162 octo
653 1103 747 1181 pedes
773 1102 934 1175 habebant,
957 1121 1055 1180 neque
1077 1103 1124 1162 his
1145 1107 1238 1165 versi·

105 1204 157 1264 bus
176 1209 226 1264 tct
246 1207 327 1264 ictus
350 1205 470 1279 dabant,
494 1209 569 1282 quet
589 1205 682 1283 pedes
705 1208 799 1279 erant,
822 1204 876 1265 sed
893 1209 967 1283 qu'ot
984 1205 1124 1283 dipodia.
1158 1207 1239 1268 lctus

105 1313 200 1366 autem
220 1327 365 1367 numeros
387 1309 561 1381 comitetur,
584 1326 645 1366 non
667 1307 754 1380 facit,
783 1326 839 1366 nee
865 1327 920 1386 per
947 1308 1039 1366 ictum
1068 1314 1120 1369 aut
1147 1309 1240 1385 longa

13 1417 15 1424 ‘
104 1411 217 1486 syllaba
239 1411 365 1486 longior
387 1414 440 1470 aut
460 1409 561 1470 brevis
583 1412 681 1470 minus
705 1409 803 1469 brevis
825 1409 869 1469 lit.
914 1409 984 1468 Alia
1012 1411 1091 1468 enim
1113 1431 1161 1471 ree
1184 1417 1237 1486 est,

102 1513 181 1590 quod
202 1512 360 1572 interdum
384 1511 465 1590 apud
485 1511 652 1572 Homerum
675 1512 792 1591 syllaba
813 1512 913 1572 brevis
939 1515 972 1570 in
999 1513 1149 1592 principio
1172 1513 1239 1574 dae·

13 1647 14 1708 3
102 1615 158 1691 tyli
174 1615 279 1694 posita
295 1615 484 1693 producitur,
503 1614 592 1692 quale
607 1614 749 1675 mendum
765 1615 942 1692 plerumque
958 1613 1063 1674 addita
1078 1617 1238 1695 positionis

102 1719 133 1774 ri
151 1717 345 1777 tolerabilius
367 1716 433 1776 lieri
454 1716 588 1790 videtur,
611 1723 665 1776 aut
687 1717 770 1794 quod
792 1716 872 1794 apud
888 1716 1052 1794 Vergilium
1076 1716 1185 1792 Georg.
1210 1721 1238 1790 3,

103 1821 163 1879 243
193 1825 242 1878 est
276 1819 424 1898 „pecudes
451 1819 601 1897 pictasque
634 1815 802 1878 rolucrss“.
847 1817 922 1878 Loci
954 1820 999 1892 vi,
1034 1821 1087 1896 qui
1119 1819 1238 1896 longam

13 1909 14 1984 ᾗ
75 1991 76 1994 ¹
102 1921 248 1996 syllabam
271 1923 423 2000 postulet,
446 1921 546 1980 brevis
568 1920 759 1999 producitur,
784 1925 815 1980 ct
835 1920 983 1999 producta
1004 1921 1097 1980 ictum
1119 1923 1238 2001 accipit,

105 2041 162 2082 non
182 2025 247 2083 ictu
270 2024 465 2102 producitur;
489 2023 693 2095 Quintilianus
715 2027 829 2095 autem,
853 2024 906 2099 qui
929 2019 971 2096 (Ι,
997 2017 1030 2097 δ’,
1055 2019 1109 2098 28)
1133 2023 1164 2082 in
1186 2025 1239 2083 illo

104 2123 230 2203 Vergilii
251 2145 344 2184 versu
365 2127 453 2184 metri
476 2125 650 2186 condicione
673 2129 827 2184 accentum
844 2127 956 2184 mutari
979 2126 1023 2184 ait
1044 2124 1239 2205 volucresque

13 2235 14 2238 ’
103 2227 201 2287 media
224 2232 316 2287 acuta
337 2228 495 2306 legendnm
523 2247 603 2301 esse,
626 2227 659 2285 id
680 2247 771 2287 uuum
795 2226 881 2301 dicit,
904 2227 1053 2306 producta
1074 2229 1241 2307 penultima

103 2331 184 2388 vocis
210 2329 386 2404 „volueres“
412 2337 565 2390 accentum
588 2331 655 2390 loeo
677 2330 806 2402 moveri,
829 2329 918 2388 metri
946 2333 1099 2388 accentum
1124 2331 1240 2390 nullum

105 2433 256 2510 agnoscit,
280 2434 393 2512 quippe
415 2433 498 2510 qnod
518 2437 617 2492 totum
641 2451 678 2490 ex
701 2431 869 2510 quantitate
891 2431 1075 2507 syllabarum
1096 2432 1239 2511 pendeat.

106 2533 234 2610 Errant,
269 2536 322 2612 qui
353 2539 464 2613 putant
497 2534 624 2594 eundem
657 2533 765 2610 pedem
800 2538 854 2592 ant
892 2533 1020 2594 eundem
1060 2535 1240 2611 syllabarum

104 2657 278 2710 numerum,
307 2637 333 2695 si
361 2637 449 2696 aliter
476 2642 605 2716 ponatur
633 2637 723 2709 ictus,
755 2635 844 2694 aliter
876 2637 1132 2712 pronuntiandum
1166 2657 1238 2710 esse,

105 2737 187 2798 velut
207 2738 387 2816 tribrachyn
411 2740 500 2798 aliam
522 2759 602 2812 esse,
625 2739 651 2798 si
672 2738 811 2811 trochaei,
835 2737 939 2812 aliam,
969 2739 995 2796 si
1022 2739 1114 2798 iambi
1141 2741 1239 2800 locum

104 2843 229 2920 expleat
252 2837 290 2915 (c
302 2883 326 2903 c
338 2885 361 2903 c
380 2847 411 2900 et
428 2887 451 2904 c
464 2866 488 2906 o
500 2837 550 2915 ν),
569 2845 622 2902 aut
639 2841 773 2916 dactylos
790 2839 936 2917 quosdam
953 2842 1149 2918 anapaesticus
1166 2861 1239 2914 esse,

104 2947 276 3022 anapaestos
298 2942 461 3020 dactylicos
484 2940 531 3016 (-
543 2968 566 3007 a
579 2987 604 3008 ν
623 2947 654 3002 et
672 2967 696 3006 c
709 2987 732 3007 c
744 2939 807 3018 -);
829 2963 893 3017 nec,
916 2945 941 3002 si
964 2943 1003 3002 ad
1024 2961 1125 3005 veram
1147 2945 1239 3003 ratio·
1255 3015 1258 3022 Ι

106 3066 173 3105 uem
195 3065 247 3105 res
269 3046 414 3119 exigitur,
438 3047 552 3104 maiore
573 3047 655 3106 vocis
673 3047 844 3105 intentione
865 3045 1091 3123 pronuntianda
1113 3051 1159 3106 est
1181 3047 1240 3124 syl·

106 3149 173 3208 laba
196 3148 254 3208 sub
275 3149 367 3207 ictum
390 3147 497 3206 cadens
520 3167 609 3225 quam
632 3153 748 3207 catera.
782 3147 848 3206 Hoc
870 3147 977 3205 vitium
998 3147 1148 3208 tironibus
1170 3169 1241 3208 con-

107 3251 249 3325 cedimus,
273 3213 426 3324 elegautee
449 3249 635 3308 eruditorum
659 3269 744 3308 auree
762 3253 917 3328 respuunt.
951 3247 1102 3309 Extremis
1121 3249 1240 3310 demum

105 3353 298 3431 antiquitatis
325 3351 440 3410 seculis
468 3353 511 3411 sic
538 3351 705 3426 faciebant,
740 3372 801 3430 quo
833 3357 968 3429 tempore
1000 3357 1118 3412 mutata
1146 3355 1241 3414 totius

105 3456 215 3534 linguae
227 3455 347 3513 ratione
359 3455 391 3512 in
406 3453 529 3513 vocibus
545 3455 778 3532 pronuntiandis
795 3474 857 3514 non
874 3452 1092 3531 longitudinem
1111 3456 1240 3532 syllaba·

106 3579 172 3617 rum
189 3556 243 3616 sed
260 3560 399 3616 accentus
415 3558 627 3634 sequebantur.
652 3557 758 3635 Itaque
769 3555 939 3618 Priscianus
959 3553 1010 3632 (II,
1027 3578 1058 3636 p.
1073 3559 1131 3617 tal
1146 3555 1239 3632 Keil.)

107 3665 137 3719 et
157 3659 329 3720 Martianus
348 3657 470 3736 Capella
494 3655 558 3733 (IX,
580 3679 611 3737 p.
633 3655 719 3733 974),
744 3663 850 3718 contra
872 3680 962 3740 quam
984 3660 1116 3719 fecerant
1138 3679 1240 3719 omues

104 3764 287 3842 superiores,
311 3757 402 3822 arsin
423 3763 661 3840 interpretantur
684 3763 766 3821 vocis
788 3763 994 3836 elevationem,
1021 3757 1125 3823 thesin
1147 3760 1240 3840 depo-

105 3866 262 3938 sitionem,
293 3866 433 3942 areinque
461 3864 636 3943 intelligunt
669 3860 838 3940 graviorem
866 3866 953 3943 pedis
980 3870 1112 3944 partem,
1140 3865 1240 3925 thesin

106 3967 260 4026 leviorem.
305 3965 390 4026 Hanc
417 3965 536 4026 dicendi
563 3968 709 4026 rationem
731 3966 886 4027 Bentleius
915 3973 1035 4028 secutus
1064 3971 1111 4026 est
1132 3968 1240 4027 vitium

104 4069 229 4128 subesse
258 4088 318 4127 non
346 4069 524 4147 suspicatus.
568 4067 660 4130 Cuius
686 4069 838 4148 ingenium
871 4069 936 4129 iure
969 4069 1135 4130 admiratus
1163 4069 1239 4130 uod.

107 4171 311 4246 Hermannus,
340 4189 432 4249 quum
459 4191 593 4232 errorem
620 4172 896 4244 animadvertisset,
924 4176 1027 4231 tamen
1055 4192 1074 4231 a
1097 4173 1240 4247 magistro

108 4271 262 4334 discedere
283 4271 380 4332 noluit
404 4269 511 4348 (Elem.
535 4272 630 4333 doctr.
652 4279 740 4334 metr.
764 4295 794 4354 p.
820 4268 883 4348 11),
908 4275 1060 4351 ceterique
1081 4273 1113 4333 in
1134 4273 1240 4334 eodem

106 4377 237 4452 vestigio
259 4380 449 4436 manserunt:
471 4395 580 4455 prave,
603 4395 668 4436 meo
691 4377 813 4456 quidem
837 4375 958 4435 iudicio.
1002 4375 1079 4436 Nam
1101 4376 1127 4436 si
1148 4375 1239 4435 Bent-

1002 4489 1034 4543 12
