2956 5018
596 484 805 556 Prolegomeus
1205 494 1263 557 1¹71

118 681 219 752 stunt,
249 680 391 740 diverbio
410 685 441 739 et
457 677 602 740 esntieo“.
637 680 858 742 Tummuetns
881 686 913 740 et
935 701 969 740 eo
991 682 1067 756 loco,
1090 701 1179 761 quem
1201 684 1265 744 leu-

118 781 272 842 duvimns
298 788 330 844 et
357 785 441 856 eliis,
467 784 499 842 in
519 782 684 862 fingmento
708 789 809 844 eutem
832 783 869 844 de
890 785 1037 860 tragoedis
1057 791 1088 844 et
1109 787 1264 847 eomoedie:

121 884 300 957 „Diverbis
326 887 489 946 histriones
517 887 766 964 pronuntisbsnt;
791 888 907 946 centies
926 907 999 946 vero
1021 889 1267 966 temperabantur

116 988 229 1048 modis
262 1009 323 1050 uon
355 1011 374 1049 s
406 994 509 1068 poete,
538 989 591 1048 sed
618 1011 636 1048 e
662 992 762 1067 perito
790 991 864 1050 nr‘tis
892 992 1012 1050 musice
1040 991 1142 1066 lectis3
1169 1012 1266 1071 neque

117 1092 208 1150 enim
240 1095 345 1152 omnis
370 1092 479 1152 iisdem
505 1092 602 1152 modis
630 1093 661 1152 iu
688 1113 749 1153 uno
772 1093 886 1153 caudeo
908 1093 1088 1168 agebantur,
1111 1095 1164 1154 sed
1186 1115 1266 1174 saepe

116 1192 327 1270 runtntis“*).
372 1195 420 1255 Ex
442 1195 549 1274 quibus
576 1197 652 1256 loeis
674 1195 707 1255 id
728 1195 849 1274 quidem
871 1201 1012 1273 apparet,
1035 1198 1117 1275 quod
1139 1201 1172 1258 iu
1192 1200 1266 1275 ipsis

117 1298 235 1358 verbis
263 1301 358 1373 inest,
380 1300 570 1376 pronuntiari
592 1299 742 1372 diverbia,
766 1301 882 1360 centies
904 1301 1032 1373 centeri,
1056 1299 1109 1358 sed
1130 1320 1266 1378 qussnnm

119 1401 244 1481 cuique
264 1403 369 1480 generi
398 1421 493 1462 scens
520 1402 688 1462 tribuendus
716 1403 789 1476 siut,
818 1421 878 1462 uon
905 1409 1040 1480 eppsret.
1085 1403 1162 1462 Nem
1185 1403 1267 1482 quod

118 1501 296 1564 Diomedes
324 1505 473 1564 canticum
500 1506 605 1579 unius,
635 1505 803 1566 diverbinm
829 1504 961 1582 plurium
983 1525 1181 1584 personarum
1203 1525 1267 1566 esee

120 1605 224 1682 dicit,
253 1604 290 1668 id
315 1608 492 1686 plerumque
519 1607 563 1666 ite
591 1612 649 1680 eet,
678 1627 795 1685 semper
822 1613 960 1668 nonest
1004 1609 1132 1668 Verior-n
1152 1609 1267 1668 Msrius

121 1708 311 1772 Victorinus
329 1731 358 1788 p.
379 1710 522 1784 252412„
547 1711 599 1787 qui
616 1711 653 1770 de
670 1710 810 1770 clausulis
837 1708 975 1785 „Soleut“
1000 1711 1101 1789 iuquit
1125 1714 1176 1785 „in
1197 1732 1266 1772 ceu·

121 1813 203 1873 tioie
226 1817 323 1893 magis
345 1833 435 1892 quem
459 1813 617 1887 diverbiis‚
649 1833 714 1892 quie
742 1815 836 1892 magis
864 1834 900 1872 ex
926 1815 1063 1874 trimetro
1089 1814 1266 1888 subsistunt,

125 1913 309 1978 colloceri“.
353 1915 422 1976 Iure
448 1917 543 1995 igitur
569 1918 702 1976 senarios
722 1915 866 1978 iembioos
887 1919 1093 1994 pronuntiata,
1116 1937 1178 1978 uon
1199 1939 1267 1978 osn-

124 2025 202 2080 tntn
231 2041 297 2081 esse
326 2039 486 2080 consensus
512 2021 646 2080 eborum
673 2017 831 2080 doctorum
859 2020 1027 2092 etstuebst3
1056 2019 1109 2080 sed
1136 2022 1267 2080 centice-

127 2143 203 2184 rum
224 2127 346 2184 nomine
369 2143 406 2182 es
426 2124 490 2184 sole
511 2122 814 2201 comprehendebant,
837 2143 903 2200 que
920 2128 972 2184 ent
988 2123 1158 2200 systematis
1176 2123 1267 2184 modo

129 2226 340 2288 decurrebant
372 2231 427 2286 eut
461 2227 550 2286 vmiie
581 2225 717 2286 versibus
746 2227 840 2286 mixte
866 2226 1043 2304 speeiem
1069 2226 1268 2286 continuitate

130 2331 285 2390 sermonis
303 2331 432 2390 maxim
450 2329 661 2390 abhorrentem
676 2328 859 2407 prebebunt.
883 2327 1071 2388 Examinetis
1086 2349 1158 2390 vero
1175 2329 1268 2407 signis

130 2435 183 2509 iis,
204 2453 275 2513 qus
298 2453 389 2512 suprn
411 2433 715 2507 commemorevimus,
739 2433 880 2510 apperuit
901 2452 963 2492 nou
984 2432 1079 2492 solum
1101 2433 1268 2492 octouerios

132 2537 280 2596 iambicos
301 2536 531 2614 trocheicosque
553 2541 584 2596 et
605 2555 672 2616 qne
694 2535 812 2595 creticis
835 2539 889 2594 eut
909 2535 1071 2613 anapaestis
1099 2540 1152 2596 sut
1178 2537 1269 2596 vertis

132 2641 265 2719 pedibus
288 2641 454 2719 composite
475 2644 554 2712 sunt,
577 2639 630 2698 sed
652 2639 744 2698 etiem
762 2638 947 2716 septenarios
963 2639 1132 2698 troehsieos
1150 2643 1180 2698 et
1196 2640 1268 2698 iem·

132 2743 220 2804 bicos
242 2745 360 2804 centies
380 2744 482 2802 fnisse.
515 2742 627 2820 Magno
644 2761 735 2821 opere
751 2739 914 2818 optandum
932 2741 1001 2814 fuit,
1023 2746 1059 2802 ut
1079 2743 1111 2802 iu
1133 2739 1269 2800 omnibus

134 2847 233 2906 scenis
255 2851 392 2910 uenustus
415 2851 494 2904 esset
515 2845 622 2904 titulus
644 2843 800 2904 modorum
823 2861 916 2918 genus
932 2842 1083 2917 iudicens;
1106 2843 1160 2902 sed
1177 2863 1269 2920 quum

135 2969 234 3027 peuce
261 2969 299 3008 ex
326 2948 429 3008 multis
456 2948 561 3008 relicte
588 2941 716 3021 sint**),
750 2952 812 3006 tem
840 2951 980 3006 cenetens
1010 2952 1136 3024 nppsret
1162 2946 1269 3006 horum

136 3055 291 3130 signorum
313 3069 394 3124 usus,
416 3056 452 3110 ut
473 3050 510 3111 de
532 3052 671 3111 universe
692 3069 725 3108 re
748 3049 881 3109 dubitari
902 3069 963 3110 non
985 3052 1090 3129 possit.
1135 3050 1269 3110 Primum

138 3155 273 3216 diverbia
300 3155 444 3232 pleresque
472 3153 622 3230 colloquio
649 3172 712 3212 esse
738 3151 873 3212 videmus
902 3151 1028 3212 duarum
1057 3157 1110 3212 sut
1137 3153 1269 3230 plurium

136 3277 349 3336 personarum,
379 3257 433 3316 sed
461 3275 684 3334 nonnumquam
712 3256 803 3314 etism
830 3255 1000 3332 soliloquis;
1028 3273 1132 3314 rursus
1153 3255 1270 3314 centies

137 3361 316 3439 plerumque
343 3360 398 3418 ille
425 3359 547 3436 quidem
575 3360 664 3418 nnius
691 3377 826 3436 personae
854 3363 937 3432 sunt,
972 3357 1025 3418 sed
1051 3378 1112 3418 uon
1140 3377 1267 3434 semper.

137 3463 255 3523 Deinde
278 3461 317 3521 sd
339 3469 436 3522 metra
452 3463 533 3540 quod
550 3463 667 3534 attinet,
684 3466 758 3520 note
769 3459 824 3520 DV
843 3462 916 3520 solis
935 3463 997 3520 sere
1020 3461 1144 3519 senariis
1165 3479 1269 3537 super·

137 3569 277 3644 ponitur3
300 3565 360 3625 vid.
379 3565 462 3624 Asin.
483 3567 554 3624 803.
577 3564 675 3623 (luein.
701 3565 771 3622 708.
798 3565 868 3623 729.
893 3564 964 3623 (liet.
990 3565 1060 3622 373.
1084 3562 1176 3620 Mero.
1196 3563 1268 3621 268.

138 3669 247 3730 Pseud.
273 3669 345 3728 394.
369 3669 440 3728 415.
466 3669 536 3727 772.
558 3669 629 3727 795.
653 3667 857 3728 1020.1039.
880 3667 995 3727 Poenul.
1015 3667 1086 3724 ele.
1106 3665 1176 3724 714.
1197 3665 1268 3724 749.

165 3887 191 3956 *)
210 3887 279 3956 Qun
297 3889 462 3956 sequuntur,
481 3889 614 3956 corrupte
627 3889 711 3940 venut:
730 3883 786 3953 „Ut
802 3883 976 3960 significent,
996 3883 1044 3953 qui
1061 3887 1120 3937 tres
1138 3899 1269 3938 numeros

192 3975 239 4038 in
266 3972 411 4030 comoediie
433 3975 556 4042 ponunt,
580 3972 628 4042 qni
649 3975 707 4028 tres
729 3971 879 4028 contuens
899 3973 1022 4026 mutatos
1044 3969 1146 4025 modos
1166 3969 1270 4024 euntiei

207 4057 309 4113 illius“.
340 4057 448 4114 Ritseb
462 4059 480 4112 l.
493 4059 511 4112 l
526 4076 552 4128 p.
568 4060 620 4114 635
637 4075 689 4128 pro
708 4058 830 4114 numeris
846 4061 930 4112 neme
947 4056 1053 4126 positas
1070 4055 1157 4111 fuisse
1174 4059 1270 4111 censet

208 4142 423 4215 significatoque
440 4161 501 4200 esse
518 4144 555 4198 Μ.
574 4143 612 4198 M.
632 4143 660 4198 (l.

148 4231 190 4300 **)
209 4232 244 4286 In
261 4230 400 4286 Pseudolo
418 4230 568 4286 duodecies
591 4230 655 4285 telis
678 4230 778 4285 titulus
799 4227 953 4296 invenitur,
972 4229 1002 4282 iu
1019 4227 1182 4284 Trinummo
1200 4227 1267 4282 toti-

210 4317 283 4384 dem,
301 4317 331 4370 in
348 4315 466 4372 Poenulo
483 4316 629 4383 undecies,
648 4316 678 4371 iu
695 4315 866 4372 'Ituouleuto
882 4314 992 4382 novies,
1010 4314 1041 4368 iu
1058 4313 1160 4368 ceteris
1178 4313 1267 4370 emni-

209 4404 263 4457 bus
279 4403 327 4457 vix
344 4403 448 4474 saepius
467 4420 551 4472 quem
569 4402 724 4457 duodecies.
