2976 5056
226 473 289 536 382
721 469 860 526 Atini

114 691 123 708 ·
224 683 348 742 pronus
370 661 547 736 inauditam,
570 669 690 739 tergum
711 665 876 724 mulino
895 683 1005 742 grume
1026 663 1147 738 dirime,
1170 669 1261 736 ant,
1288 683 1358 722 nam

225 765 382 826 familiaria
404 765 555 824 cathmus
572 767 691 825 familia
707 786 821 840 cervus,
839 785 1008 840 conamur,
1025 767 1086 824 rid
1104 765 1262 846 addmpb.
1286 768 1360 824 127.

225 867 257 928 Si
279 889 350 928 vera
373 871 411 926 eit
434 867 568 926 codicum
591 869 739 946 scriptura
759 863 928 943 familiare,
946 869 1129 946 interprecor
1145 868 1357 938 domesticum,

224 991 332 1044 meum,
355 973 522 1049 proprium.
556 969 662 1030 Solent
680 969 807 1030 Romani
828 972 872 1030 cic
894 971 996 1049 copiae
1018 989 1089 1030 rura
1110 971 1243 1044 laudare,
1267 975 1305 1028 nt
1328 988 1361 1026 ee

225 1073 305 1132 domi
327 1073 445 1150 aliquid
466 1071 577 1130 habero
605 1071 708 1132 dicant
735 1092 790 1132 noc
817 1091 894 1150 opua
921 1093 1001 1146 ecce,
1028 1081 1064 1132 ut
1091 1074 1165 1132 loric
1192 1079 1358 1150 queratur,

224 1178 260 1236 ci.
285 1177 345 1236 Cic.
368 1176 453 1234 Verr.
477 1174 536 1248 ΠΙ,
561 1177 617 1248 90,
641 1177 718 1234 210:
751 1173 837 1246 ,Non
859 1177 1110 1254 circumspiciam,
1140 1194 1200 1234 non
1220 1193 1359 1253 quaram

224 1277 328 1336 loria“.
362 1277 402 1336 ib.
427 1279 478 1350 91,
503 1279 574 1336 212.
605 1275 703 1336 Plaut.
722 1276 829 1336 Bacch.
849 1279 927 1336 644:
954 1277 1014 1350 ,Ut
1036 1277 1123 1336 domo
1145 1283 1272 1336 sumeret
1296 1295 1357 1334 neu

224 1383 297 1439 lotia
325 1377 511 1458 quaereret“.
557 1379 621 1438 Mil.
649 1381 708 1440 192
732 1399 776 1457 aq.
807 1381 879 1438 638.
910 1381 989 1440 349ι
1026 1379 1121 1452 ,Nam
1149 1398 1204 1454 ogo
1231 1377 1357 1456 quidem

225 1502 306 1540 meos
329 1482 432 1540 oculoa
454 1481 564 1554 habeo,
587 1503 641 1540 nec
663 1501 737 1556 rogo
758 1479 888 1540 utendos
910 1479 1014 1540 foris“.
1058 1481 1146 1541 Unde
1168 1483 1254 1539 otiam
1277 1479 1309 1538 ln
1334 1477 1355 1536 l.

228 1581 316 1656 Ἠπαρ’*
347 1603 404 1662 pro
433 1600 472 1642 ne
504 1583 694 1642 scribendum
728 1583 866 1642 censebet
895 1582 1011 1656 (tem,
1040 1583 1094 1642 sed
1122 1583 1158 1641 ci.
1182 1583 1248 1642 Aul
1272 1584 1352 1640 351:

228 1687 322 1760 ,Sunt
345 1688 438 1762 igitur
460 1685 557 1759 ligna,
588 1705 626 1743 ne
653 1705 781 1764 qnaerea
809 1683 914 1744 forir“.
959 1684 1031 1744 ciet.
1056 1687 1133 1744 201:
1167 1685 1267 1758 ,Hanc
1295 1703 1355 1760 ego

225 1789 261 1847 de
284 1809 331 1845 me
353 1789 554 1846 coniecturam
578 1787 659 1846 domi
682 1787 768 1860 facio,
790 1809 829 1846 ne
846 1788 920 1847 loric
937 1785 1109 1866 (μασι-ὣ.
1129 1818 1170 1826 -
1192 1790 1260 1846 318.
1277 1786 1353 1844 Ver·

224 1911 288 1948 eum
318 1889 405 1948 affert
433 1889 548 1948 Nonius
575 1909 605 1966 p.
632 1892 691 1948 109
721 1910 786 1948 cum
814 1889 899 1948 codd.
928 1908 1105 1965 congruens.
1150 1890 1223 1948 Post
1254 1883 1354 1948 unicui

223 1993 324 2050 hiatus
347 1993 378 2049 in
401 2010 522 2048 caeanra.
557 1989 643 2048 Both.
663 1991 709 2050 Fl.
727 1997 856 2070 uenalia
883 1991 932 2064 ,si
954 1993 1050 2050 iatam
1072 1993 1162 2050 animi
1184 1988 1290 2049 firm.“.
1307 2019 1351 2028 -

225 2095 295 2152 319.
324 2089 407 2169 Quin
429 2089 458 2150 si
482 2093 568 2168 leryo
590 2108 642 2152 res
664 2089 861 2164 solvendo&
890 2093 936 2152 ed.
959 2113 1021 2170 pn,
1045 2094 1081 2154 ei.
1107 2094 1178 2150 217.
1217 2089 1345 2165 ἸΙιιιιι]ο“’

223 2197 322 2272 inquit
355 2201 406 2268 ,ut
436 2195 586 2270 intelligas
621 2215 666 2252 me
699 2194 825 2254 verbera
854 2201 1058 2268 contemnere,
1088 2197 1128 2268 ei,
1157 2201 1348 2272 posteaquam

224 2298 335 2356 lacinus
359 2297 482 2372 aliquod
510 2297 622 2370 secero,
647 2303 735 2371 tergo
758 2297 984 2374 dependendum
1012 2303 1044 2356 et
1065 2317 1191 2374 corpore
1212 2296 1347 2355 luendum

224 2407 277 2472 eet,
301 2399 347 2458 vel
369 2398 519 2478 publicam
537 2400 693 2477 pecuniam
712 2419 818 2476 rapere
835 2397 941 2474 oupi0“
963 2396 1105 2473 (Lamo).
1129 2430 1173 2440 —
1197 2400 1267 2458 321.
1291 2395 1348 2456 isla

224 2505 253 2560 in
282 2500 347 2560 cod.
372 2499 397 2558 B
424 2505 527 2578 postea
555 2500 692 2560 additum
719 2507 775 2560 eet.
824 2501 945 2572 „Virtus
972 2499 1036 2558 eat“
1072 2503 1173 2577 inquit
1204 2503 1249 2574 ,ei
1275 2501 1345 2577 qnia,

223 2603 344 2680 fluendo
377 2621 451 2678 opne
485 2607 545 2676 eet,
575 2603 685 2662 melum
713 2603 834 2660 sortiter
860 2601 950 2660 ferd.
995 2602 1166 2662 Pronomen
1193 2603 1345 2660 relativum

223 2706 348 2762 solutius
372 2703 504 2776 additur,
527 2723 584 2781 pro
610 2706 652 2776 „ai
676 2701 773 2781 qnie“,
796 2705 833 2762 cf.
852 2703 933 2763 lien.
951 2705 1027 2763 946:
1056 2705 1252 2783 „Spectamen
1274 2705 1346 2764 bono
1464 2733 1465 2790 ᾗ

223 2826 310 2863 seruo
335 2805 364 2862 id
387 2811 441 2878 eet,
466 2807 516 2883 qui
540 2827 602 2864 rem
625 2807 727 2864 erilem
748 2803 922 2882 procurat“.
957 2805 1048 2866 Stich.
1070 2810 1144 2866 121:
1171 2807 1248 2880 „Ubi
1270 2807 1347 2865 facil·
1464 2869 1465 2872 Ἴ

222 2908 300 2964 lume
323 2913 475 2984 spectatur
497 2909 621 2980 mulier,
646 2927 722 2985 qnae
750 2909 901 2984 ingeniosi
928 2907 1028 2966 bono?
1073 2909 1135 2968 PH.
1170 2909 1248 2980 Quoi
1276 2909 1348 2966 male

223 3009 383 3068 faciundiet
404 3015 553 3087 potestne,
584 3029 661 3088 quae
689 3029 727 3068 ne
755 3009 787 3068 id
815 3009 908 3068 faciat
929 3007 1107 3086 temperat“.
1152 3011 1220 3068 Ter.
1244 3011 1348 3070 Hanni.
1464 3071 1465 3083 ,

224 3115 300 3170 205:
333 3117 510 3190 ,parentum
534 3114 660 3170 iniuriae
682 3112 770 3169 unius
792 3111 874 3170 modi
896 3118 966 3170 eunt
987 3113 1095 3185 ferme,
1118 3113 1210 3191 paulo
1233 3115 1285 3189 qui
1307 3117 1350 3170 est

221 3215 310 3272 homo
330 3213 529 3272 tolerabilia“.
565 3213 609 3274 De
626 3213 729 3272 ordine
747 3213 908 3272 verborum
924 3213 985 3271 vid.
1005 3213 1042 3272 ad
1060 3215 1132 3274 230.
1151 3244 1193 3253 -
1211 3216 1283 3274 322.
1294 3231 1349 3290 po

222 3309 298 3373 titur
321 3335 375 3372 em.
395 3313 511 3388 Lama,
530 3315 609 3394 quod
628 3315 752 3374 verbum
773 3316 853 3393 apud
877 3317 1016 3393 antiquos
1039 3322 1071 3374 et
1092 3318 1190 3379 tertiae
1213 3319 1361 3400 coniuge-¹

221 3417 313 3475 tionis
342 3437 406 3476 esee
436 3422 466 3474 et
494 3437 558 3474 cum
588 3420 756 3476 accusativo
784 3419 869 3494 iungi
896 3437 986 3496 poseo
1016 3424 1147 3491 constat,
1176 3423 1211 3476 ut
1232 3419 1348 3478 Terent.

221 3517 278 3576 Ad.
300 3519 376 3576 871:
405 3517 523 3595 „patria
545 3521 662 3594 potitur
684 3518 868 3580 commode“.
903 3519 1077 3595 Elegantius
1100 3540 1135 3578 ex
1157 3521 1350 3580 similitudine

221 3625 251 3678 et
274 3622 465 3697 oppositione
488 3619 644 3678 verborum
671 3620 821 3697 ,potitur“
847 3627 878 3680 et
903 3619 1054 3701 „patitnr“
1078 3611 1200 3700 poetam
1218 3628 1350 3682 secutum

221 3740 284 3778 esee
308 3721 394 3780 facile
419 3727 553 3801 apparet.
593 3721 736 3780 Similiter
754 3711 909 3800 Apuleius,
931 3724 1059 3802 Apolog.
1080 3727 1114 3784 9:
1142 3725 1258 3798 ,Hasce
1280 3725 1350 3784 duas
1463 3779 1464 3782 ,

220 3821 367 3895 flammea,
398 3823 467 3882 dum
494 3827 609 3902 potiar,
638 3823 768 3902 patiar“.
792 3855 835 3865 -
864 3827 934 3884 323.
958 3825 1068 3885 Versus
1098 3845 1211 3886 oaeeura
1234 3847 1349 3900 carons3

220 3923 331 3981 Miiller
353 3927 428 3984 coni.
457 3927 551 3998 „Quin
575 3927 715 3985 edisseris
737 3947 799 3984 rem
819 3926 973 3986 actutum?
997 3930 1085 4006 cupio
1103 3949 1150 3988 me
1167 3927 1346 3990 nanciscier“

220 4031 340 4083 temere.
364 4055 407 4066 -
431 4029 501 4084 324.
529 4028 680 4106 „quidque
704 4026 860 4104 derogita“
886 4029 930 4087 od.
954 4051 1001 4108 pr.
1047 4031 1211 4108 „quidquid
1234 4029 1346 4110 rogita“
1463 4039 1464 4091 ἒ

221 4125 318 4200 Both,
343 4133 432 4186 recte.
478 4145 576 4188 ullum
599 4125 760 4207 quidquid,
783 4132 803 4188 i.
823 4149 847 4189 e.
872 4151 962 4190 unum
985 4133 1127 4212 quidque,
1145 4133 1206 4192 vid.
1219 4133 1348 4210 Madvig.

221 4225 259 4284 ad
281 4227 341 4286 Cic.
366 4227 432 4288 Fin.
457 4229 498 4302 V,
524 4233 557 4302 9,
583 4233 632 4290 24.
678 4233 767 4310 Apud
791 4232 929 4292 Plautum
955 4239 1037 4294 extat
1060 4239 1150 4294 etiam
1172 4235 1255 4294 Trin.
1281 4237 1348 4294 881.

221 4328 257 4385 cf.
270 4329 338 4386 Aul.
356 4331 430 4388 193:
460 4331 526 4404 „ubi
546 4331 724 4411 quidquid“.
755 4334 846 4394 Most.
861 4337 938 4396 819:
961 4343 1011 4410 ,ut
1029 4334 1207 4415 quidquid“.
1231 4339 1348 4398 Terent.
