2968 5030
262 507 323 570 398
755 505 891 558 Asinaeo

260 698 371 773 requiri
407 718 439 756 ao
473 698 547 758 nihil
581 699 675 757 aliud.
719 697 776 758 Sed
810 699 886 758 hauc
919 699 1015 776 ipsum
1049 699 1109 758 vim
1138 700 1219 776 apud
1244 697 1372 758 Plautum
1458 755 1459 760 ,

260 799 366 858 habuit
388 801 422 859 ut
444 797 573 877 qui„of.
597 799 704 860 Bacch.
730 803 806 861 279:
844 801 966 875 ,Adeon
993 821 1040 860 me
1067 802 1158 860 fuisse
1185 802 1315 879 fungum,
1342 807 1372 860 ut
1458 783 1459 860 l

261 904 312 980 qui
335 903 379 961 illi
402 901 583 962 crederem“.
619 903 703 981 Cspt.
730 905 805 962 547:
834 903 891 976 ,Et
913 923 978 962 eum
1002 903 1074 962 mihi
1098 923 1163 962 esse
1185 903 1321 976 morbum,
1342 909 1372 962 ut

261 1009 311 1081 qui
335 1025 381 1064 me
406 1025 481 1083 opus
501 1007 541 1064 sit
557 1004 770 1081 insputarier“.
804 1005 866 1064 Nec
884 1007 972 1066 aliter
990 1006 1198 1084 explicandum
1210 1006 1290 1066 Cure.
1303 1009 1372 1065 218:

264 1108 441 1185 „Aesculapi
471 1109 512 1166 ita
540 1109 636 1166 sentio
660 1109 850 1180 senteutiam,
879 1108 922 1168 Ut
949 1109 1000 1186 qui
1029 1128 1074 1166 me
1102 1108 1191 1168 nihili
1220 1108 1306 1168 saciat
1325 1129 1374 1167 neo
1458 1149 1459 1170 2

260 1211 373 1270 saluom
395 1207 500 1268 uelit“.
547 1209 630 1289 Capi.
657 1213 732 1268 241:
765 1210 822 1284 ,Di
844 1211 1016 1270 inmortales
1039 1213 1168 1270 animum
1191 1211 1374 1270 ostenderunt

260 1333 360 1386 suum,
385 1311 426 1372 Ut
447 1316 498 1389 qui
523 1333 604 1370 erum
626 1333 673 1370 me
696 1312 751 1370 tibi
777 1312 869 1372 fuisse
898 1319 988 1390 atque
1017 1333 1081 1373 esse
1109 1333 1187 1373 nunc
1215 1335 1373 1372 conseruom

260 1413 384 1475 uelint“.
430 1414 496 1472 Ter.
520 1413 612 1472 Andr.
640 1416 715 1475 148:
750 1415 814 1487 ,Ita
841 1421 904 1474 tum
929 1415 1049 1475 discedo
1071 1415 1108 1474 uh
1130 1415 1200 1490 illo,
1224 1423 1257 1476 ut
1279 1417 1326 1494 qui
1347 1437 1374 1474 se
1458 1407 1459 1468 l

260 1515 351 1576 liliam
377 1516 472 1594 Neget
499 1515 670 1576 daturum“.
715 1517 787 1576 Rem
817 1520 931 1595 primus
958 1519 1171 1578 animadvertit
1199 1519 1371 1591 Fleckeisen,
1458 1501 1459 1504 Ἴ

259 1619 410 1678 Kritische
432 1619 585 1678 Miscelleu
615 1639 644 1696 p.
670 1621 708 1677 28
732 1639 813 1697 sqq.,
844 1619 952 1680 deinde
976 1621 1124 1693 Cavslliu,
1153 1621 1283 1680 Nordislr
1310 1621 1373 1679 'Iid-

259 1721 348 1780 elnift
365 1723 385 1780 f.
398 1721 547 1796 Philologi
567 1723 657 1795 1874,
677 1742 713 1800 μ
726 1725 785 1781 271
804 1743 865 1800 sq.;
889 1723 925 1784 cf.
953 1727 1083 1801 ,quippe
1101 1720 1170 1801 qni¹⁴
1191 1723 1296 1802 Amph.
1309 1723 1373 1782 738.

260 1823 375 1882 Omissa
392 1825 486 1898 igitur
503 1845 537 1882 es
554 1843 743 1882 numerorum
766 1823 922 1898 medicine,
945 1845 1011 1902 quae
1034 1825 1170 1884 adhiberi
1192 1831 1309 1903 poteret
1328 1824 1375 1882 ah·
1458 1821 1459 1906 J

259 1927 335 1985 iectu
352 1946 415 1984 vce.
439 1925 538 2004 ,qui“,
558 1947 623 1984 oum
643 1924 812 1985 Camerario
832 1929 997 2004 ceterisque
1017 1927 1084 1986 edd.
1111 1949 1236 2006 ,expers
1258 1922 1372 1986 matris‘

260 2031 377 2088 inverso
406 2027 510 2088 ordine
544 2029 727 2106 scripsimus.
773 2028 899 2088 Versum
925 2030 957 2088 in
987 2029 1061 2089 duos
1088 2030 1201 2090 iambos
1230 2036 1374 2090 exeuntem
1458 2057 1459 2096 3

259 2150 318 2190 non
340 2131 443 2204 laudo,
474 2130 524 2188 sed
547 2130 626 2204 fero,
650 2131 708 2190 vid.
733 2131 849 2208 Proleg.
873 2153 902 2210 p.
929 2134 998 2191 leo.
1043 2133 1119 2192 Nom
1142 2134 1222 2210 quod
1245 2135 1273 2192 in
1296 2133 1373 2192 codd.

259 2234 347 2292 solito
381 2253 463 2292 more
498 2229 653 2310 „imperii“
684 2232 837 2306 scribitur,
866 2233 897 2292 id
924 2234 1048 2294 Plautus
1079 2232 1223 2312 „imperi“
1253 2255 1374 2314 pronun-

259 2335 364 2394 tiabat.
399 2335 468 2394 Noli
484 2337 578 2412 igitur
595 2355 660 2394 cum
673 2335 760 2394 Both.
784 2335 831 2395 1⁴⁴1.
858 2333 1030 2414 „imperiis“
1054 2339 1193 2412 scribere,
1217 2341 1373 2416 presertim

260 2458 349 2514 quum
371 2437 497 2516 pluralis
513 2458 654 2496 numerus
671 2439 790 2496 minime
809 2444 896 2515 aptus
914 2440 967 2512 sit;
991 2441 1096 2499 melius
1114 2441 1219 2499 saltem
1237 2441 1332 2499 Luchs
1346 2443 1374 2498 in

260 2540 376 2598 Herma
388 2539 466 2612 VIII,
484 2561 513 2618 p.
535 2542 592 2598 113
614 2535 790 2618 „imperio“.
814 2539 887 2600 cnm
905 2541 1037 2601 ablativo
1055 2545 1137 2620 iungi
1153 2562 1217 2602 voc.
1239 2541 1371 2619 ,expers“
1458 2571 1459 2620 p

260 2641 387 2701 vidimus
409 2662 435 2698 v.
461 2644 517 2716 443
540 2641 592 2700 sed
615 2644 705 2701 etiam
728 2645 884 2719 genetivus
907 2649 989 2702 extat
1011 2645 1092 2722 apud
1113 2645 1259 2703 Plautum·
1275 2643 1372 2720 Amph.
1458 2717 1459 2736 Χ

263 2745 331 2802 168.
363 2743 469 2805 Pseud.
494 2747 571 2805 498:
608 2751 779 2823 „expertem
813 2747 922 2804 amoris
955 2745 1069 2822 gusti“.
1105 2775 1142 2786 -
1180 2749 1240 2807 502
1269 2769 1312 2825 sq.
1340 2745 1373 2804 lli
1458 2765 1459 2820 ς

260 2865 363 2906 versus
384 2845 430 2904 bis
452 2848 531 2924 apud
554 2847 683 2907 Nonium
706 2847 879 2921 laudantur,
903 2869 931 2926 p.
960 2851 1014 2908 151
1042 2856 1072 2908 et
1095 2851 1171 2922 375,
1194 2850 1298 2908 iisdem
1320 2869 1374 2908 om·
1458 2915 1459 2928 ¹

261 2947 346 3006 nibus
368 2949 493 3022 litteris,
523 2951 580 3008 nisi
609 2949 690 3027 quod
717 2946 795 3010 istoc
822 2951 972 3010 scribitur.
1018 2951 1119 3011 Nihilo
1147 2955 1245 3011 minuo
1273 2957 1375 3011 certum
1458 2969 1459 2972 ’

259 3055 313 3124 est,
343 3043 406 3111 Udi
427 3058 599 3128 corruptum
624 3071 707 3124 esse,
726 3052 806 3130 quod
826 3055 889 3112 sive
916 3051 1114 3132 ,quomodo“,
1137 3055 1198 3112 sive
1223 3049 1374 3132 „quaudo“
1458 3069 1459 3084 ¹

259 3161 311 3212 aut
340 3174 418 3230 „qua
447 3151 616 3213 occasioue“
648 3175 786 3213 enarrare
813 3157 944 3230 conaris,
974 3156 1010 3215 ab
1033 3157 1121 3215 huius
1149 3157 1208 3214 loci
1236 3159 1377 3216 sententio

259 3257 386 3316 alienum
411 3257 475 3316 erit.
510 3257 647 3316 Philaenii
667 3259 792 3336 qusestio
811 3258 873 3317 haec
896 3279 960 3318 esse
983 3259 1086 3316 debet:
1113 3259 1208 3333 „Num
1232 3279 1267 3318 es
1288 3261 1377 3337 pietas

258 3360 324 3432 erit,
347 3361 372 3417 si
394 3360 431 3418 iis
453 3359 585 3419 moribus
608 3362 671 3434 sim,
696 3359 804 3437 quihus
828 3365 862 3419 tu
884 3381 932 3420 me
954 3381 1018 3420 esse
1040 3357 1165 3421 iubes?“
1200 3361 1305 3440 Itaque
1327 3357 1377 3421 Iti

257 3463 376 3539 scripsi,
400 3465 419 3521 i.
445 3485 469 3521 e.
498 3459 608 3536 ,tum“,
633 3462 714 3540 quod
736 3463 825 3520 simili
853 3463 941 3522 modo
971 3483 1037 3523 oum
1066 3455 1222 3540 hypothesi
1250 3466 1377 3542 iungitur
1458 3467 1459 3516 l

257 3565 323 3622 Ter.
347 3565 440 3624 Andr.
466 3567 542 3624 379:
577 3565 652 3639 „Sed
680 3566 705 3623 si
732 3571 766 3624 tu
794 3567 912 3642 negaris
941 3565 1062 3639 ducere,
1093 3567 1137 3624 ihi
1160 3567 1276 3646 culpam
1302 3570 1330 3626 in
1351 3573 1376 3624 te

257 3665 446 3726 transferet“.
492 3667 535 3727 Cf.
560 3669 647 3726 etiam
670 3667 737 3726 sul.
765 3669 840 3726 191:
878 3667 955 3742 ,Ubi
983 3688 1103 3727 manum
1127 3669 1222 3726 iniicit
1245 3669 1374 3748 benigne,
1458 3657 1459 3694 ss

257 3769 299 3826 ibi
321 3777 426 3829 onerat
448 3772 577 3847 aliquam
600 3766 755 3828 namiam“.
792 3773 866 3828 517:
895 3769 972 3844 ,Ubi
995 3770 1173 3849 nugiueudis
1191 3791 1239 3830 res
1257 3772 1376 3831 solutast

257 3872 401 3946 omnibus,
424 3873 471 3932 Ibi
494 3873 530 3931 ed
553 3878 737 3950 postremum
760 3871 839 3931 cedit
860 3869 977 3932 miles“.
1008 3873 1074 3932 Ter.
1093 3871 1169 3932 Eun.
1189 3874 1260 3932 261.
1284 3874 1374 3933 Plaut.

256 3975 321 4033 Mil.
343 3977 439 4035 1169:
467 3976 577 4048 „Quom
601 3975 751 4054 extemplo
774 3975 831 4034 hoc
853 3977 911 4034 erit
932 3976 1051 4048 factum,
1073 3981 1109 4034 ut
1131 3977 1212 4036 intro
1235 3977 1309 4036 haec
1332 3976 1374 4034 uh

257 4079 335 4151 ierit,
360 4078 402 4136 ibi
425 4083 459 4137 tu
482 4079 550 4137 ilico
567 4079 670 4138 FacIto
693 4079 738 4137 uti
760 4075 893 4137 uenias“.
928 4078 995 4136 Ter.
1014 4077 1085 4137 Hec.
1103 4081 1178 4138 128:
1206 4085 1374 4157 ,postquam

256 4178 340 4238 uidet
355 4186 478 4257 paratas
493 4227 499 4238 .
515 4227 521 4238 .
536 4227 541 4238 .
557 4225 563 4238 .
572 4227 578 4254 ,
598 4181 643 4239 Ibi
657 4181 773 4239 demum
791 4181 834 4240 ita
852 4197 940 4256 aegre
957 4178 1058 4240 cultu.
1082 4181 1125 4240 CI.
1139 4181 1177 4240 ad
1187 4181 1295 4260 Amph.
1310 4183 1374 4240 ulo.

256 4311 299 4323 -
313 4279 403 4358 piem
418 4282 533 4342 Nonius
560 4281 690 4356 „colsm“
717 4288 844 4357 enarrat,
868 4288 957 4357 recte,
982 4286 1006 4342 si
1030 4284 1149 4363 quidem
1170 4285 1264 4361 ipsius
1282 4284 1375 4343 Plauti

256 4384 313 4442 hoo
341 4391 387 4442 est
413 4405 440 4442 v.
472 4388 548 4457 505,
582 4385 633 4444 sed
667 4385 814 4444 editorum
847 4386 985 4464 plerique
1012 4387 1068 4446 hoc
1095 4407 1201 4466 parum
1229 4387 1374 4447 intellecto
