2960 5038
164 503 169 516 ·
252 461 315 523 238
422 541 424 548 .
725 457 902 527 Amphitruo.

337 653 475 710 41-45.
500 649 578 724 ,Gur
594 644 669 723 eg0“
689 652 797 727 inquit,
819 650 962 724 „eliorum
981 651 1147 728 exemplum
1165 670 1296 728 sequar,
1324 668 1403 726 qnos

236 759 283 814 'in
306 753 460 830 tragoediis
483 751 562 824 uidi,
590 771 656 830 qnoe
678 751 756 811 bone
776 752 946 829 Neptunus,
971 753 1088 826 Virtus,
1112 753 1272 826 Victoria,
1301 753 1402 820 nim,

251 856 377 915 Bellone
404 855 490 914 vobis
517 854 657 927 fecerint,
682 859 956 928 commemorantes,
987 861 1021 914 ut
1048 861 1080 914 et
1107 860 1173 934 ipse
1201 873 1402 924 enumerem,

252 979 378 1037 quorum
406 955 617 1016 beneficiorum
639 955 777 1058 Iuppiter
806 957 945 1017 omnibus
971 957 1143 1018 hominibus
1172 965 1288 1018 unctor
1314 953 1400 1016 sit?“

251 1061 348 1138 Vulgo
383 1061 469 1120 aliter
503 1063 756 1136 interpretentur:
800 1059 878 1132 „Cur
910 1079 1084 1134 memorem,
1119 1061 1278 1138 quomodo
1319 1059 1402 1119 ulios

253 1165 333 1236 deos,
351 1162 533 1240 Neptunum,
546 1161 694 1226 Virtutem
712 1166 777 1236 ete,
801 1161 927 1221 viderim
946 1166 978 1222 in
994 1162 1148 1241 tragedus
1165 1164 1326 1224 beneficia
1344 1181 1402 1220 suu

252 1263 536 1326 commemorantes?
555 1284 620 1342 qum
637 1285 670 1324 re
685 1283 756 1323 vers
772 1267 873 1324 omnio
886 1263 951 1324 Iovi
969 1264 1151 1341 debentnr“;
1175 1269 1207 1325 in
1224 1267 1351 1345 quibus
1369 1269 1401 1322 et

252 1371 401 1429 sententio
411 1385 505 1444 preve
515 1372 570 1440 est,
583 1387 651 1426 nem
664 1369 782 1444 eutiqni
794 1385 972 1443 quemquem
984 1367 1085 1426 lovem
1101 1387 1280 1446 supremum
1302 1367 1399 1426 deum

252 1473 414 1545 habebunt,
433 1476 533 1530 temen
555 1489 613 1528 uon
636 1469 669 1528 id
691 1468 839 1542 dicebant,
863 1488 931 1527 eum
953 1467 1058 1528 endem
1079 1469 1186 1543 faeere,
1205 1491 1274 1548 quse
1295 1471 1398 1529 ceteri

253 1595 363 1646 omnes,
387 1579 417 1632 et
439 1571 519 1650 quod
541 1575 701 1632 maximum
724 1575 778 1644 est,
800 1591 862 1630 non
883 1569 939 1629 hoo
961 1575 1070 1648 qnaerit
1091 1571 1277 1633 Mercurius:
1311 1569 1399 1644 „cur

253 1679 379 1738 aliorum
397 1695 513 1734 erronee
531 1680 583 1734 ent
600 1674 810 1749 adrogantiam
828 1672 1094 1734 commemorem?“
1121 1676 1188 1735 sed:
1211 1676 1294 1748 „Gur
1305 1673 1394 1732 Iovis

251 1779 411 1851 beneficio,
435 1797 501 1854 qum
523 1780 596 1836 estis
624 1781 698 1835 note
725 1782 808 1849 sunt,
831 1773 1030 1835 memorem?“
1057 1807 1097 1818 -
1120 1779 1170 1836 42.
1194 1772 1395 1854 Neptunum

253 1889 322 1942 oett.
346 1881 442 1940 Solito
459 1878 560 1938 Plauti
576 1898 659 1938 more
680 1879 845 1936 snbieetum
867 1883 1022 1938 sententie
1044 1879 1207 1956 pendentis
1229 1881 1390 1939 obiectum

252 1983 287 2044 fit
312 1983 396 2043 verbi
426 1983 578 2058 primarii,
609 1981 645 2039 of.
668 1999 696 2040 v.
723 1981 771 2039 54.
794 2009 838 2020 --
860 1982 910 2040 44.
935 1980 1007 2056 quie
1030 1979 1063 2055 (i.
1087 2002 1113 2041 e.
1137 1979 1262 2060 quidue)
1293 1977 1391 2041 bene·

238 2074 357 2164 factm.
402 2084 530 2142 Detivus
557 2103 613 2160 pro
637 2084 788 2157 genetivo,
813 2087 848 2140 ut
869 2081 934 2142 Mil.
960 2086 1035 2144 735:
1074 2091 1169 2157 ,esset
1195 2089 1234 2145 iis
1262 2101 1390 2143 aunone

252 2185 372 2249 vilior“.
407 2185 497 2245 Most.
517 2187 571 2244 89:
599 2187 644 2258 „ei
666 2187 710 2242 rei
733 2189 906 2261 argumento
928 2183 1055 2246 dicem“.
1090 2186 1172 2246 Trin.
1189 2189 1267 2247 204:
1294 2186 1388 2260 „illo-

252 2311 318 2351 rum
350 2289 451 2349 verbis
483 2287 567 2347 soleis
600 2291 738 2364 seoeptor
770 2283 845 2344 fui“.
880 2287 962 2346 Asin.
986 2289 1058 2348 423.
1088 2303 1132 2330 -·-
1161 2291 1212 2348 45.
1236 2283 1388 2366 Deorum

253 2415 318 2454 eum
352 2393 482 2468 synizeei
515 2388 689 2464 legendum,
724 2387 784 2446 vid.
814 2387 934 2476 Proleg.
963 2410 998 2467 po
1017 2391 1088 2448 214.
1110 2421 1155 2432 -
1176 2387 1385 2461 erchrecum,

254 2498 308 2555 heo
329 2497 462 2554 nominis
484 2492 580 2550 forme
598 2491 721 2550 Plautus
742 2489 917 2568 plerumque
939 2495 1045 2565 utitur,
1068 2513 1096 2552 v.
1120 2492 1185 2554 Mil.
1210 2496 1280 2553 897.
1307 2494 1382 2552 898.

255 2601 326 2657 911.
353 2598 443 2656 1132.
466 2593 586 2652 Trnoul.
601 2596 635 2666 33
659 2593 712 2651 sed
734 2589 974 2654 architectonem
990 2592 1081 2654 Most.
1095 2596 1166 2654 748.
1189 2595 1380 2656 Poen.1113.

253 2700 380 2758 —Post
395 2719 423 2757 v.
442 2699 481 2756 45
505 2697 595 2771 vulgo
618 2699 865 2772 interrogationis
887 2700 1003 2774 signnm
1025 2702 1159 2774 ponitur.
1192 2698 1238 2756 Fl.
1263 2697 1382 2771 ,arohi-

252 2799 381 2861 teotuet“
403 2799 507 2872 edidit,
525 2819 561 2856 ne
579 2797 744 2858 offenderet
761 2803 903 2859 omissum
921 2799 1044 2858 verbum
1066 2799 1294 2873 substantivum,
1321 2817 1380 2876 qne

254 2905 291 2963 de
313 2923 345 2962 re
367 2902 428 2961 vid.
453 2901 492 2960 sd
513 2921 541 2959 v.
562 2903 632 2960 590.
668 2900 727 2960 Sed
749 2905 775 2960 si
797 2908 877 2960 reete
900 2905 1079 2960 sententium
1101 2903 1312 2976 intelleximus,
1336 2897 1382 2960 eir

254 3005 443 3066 scribendum
462 3008 536 3064 eret.
570 3001 634 3061 Hoo
651 3023 771 3080 qnoque
788 3003 886 3062 audiri
902 3005 1038 3081 potuisse
1054 2987 1143 3063 eredo
1162 3005 1308 3082 equidem,
1328 3002 1378 3062 sed

253 3107 458 3168 verisimilior
474 3107 547 3166 mihi
565 3109 631 3164 vise
648 3111 694 3164 est
706 3105 821 3165 Gertzii
838 3110 995 3179 sententie,
1013 3107 1108 3164 lutere
1123 3107 1249 3166 verbum
1265 3111 1296 3168 in
1314 3125 1378 3166 eor-

253 3217 344 3289 rupto
366 3212 494 3290 proximi
516 3227 620 3266 verens
641 3209 805 3285 prinoipi03
828 3227 897 3267 nam
915 3203 981 3269 Sed
997 3229 1026 3268 v.
1045 3211 1086 3268 46
1109 3215 1282 3288 corruptum
1304 3228 1376 3279 esse,

253 3320 315 3373 tom
348 3315 497 3372 sententie
529 3331 618 3388 qnam
651 3315 766 3370 numeri
794 3311 933 3388 probent.
979 3309 1155 3389 Superiores
1185 3313 1252 3370 edd
1281 3317 1377 3370 metro

254 3420 380 3476 maxime
413 3415 602 3474 consulentes
635 3415 688 3472 elii
721 3415 811 3472 aliter
843 3413 1050 3473 emendenmt.
1095 3414 1150 3474 Ed.
1179 3414 1276 3474 Perm.
1314 3409 1373 3488 ,is“

253 3524 323 3598 post
359 3515 456 3592 „moe“
494 3515 593 3588 nddit3
628 3515 746 3575 Gruter.
770 3515 907 3575 Lindem.
930 3515 993 3575 Fe:
1031 3515 1107 3590 „Sed
1139 3517 1191 3576 1116
1219 3535 1376 3593 numquam

254 3617 349 3680 moe“.
380 3620 506 3679 Lomsn:
535 3618 611 3691 „Sed
632 3637 697 3677 mos
715 3617 778 3676 illio
793 3615 986 3695 numquem“.
1016 3618 1116 3678 Luohs
1133 3623 1165 3678 in
1182 3619 1375 3678 Studemuudi

171 3735 176 3740 “
254 3721 337 3782 Stud.
355 3722 379 3795 1,
397 3742 426 3799 p.
441 3723 494 3781 34:
523 3720 600 3794 ,Sed
622 3720 685 3780 illio
706 3738 770 3778 moe
790 3715 997 3793 [mome]1ueo
1015 3725 1095 3797 petri
1112 3741 1274 3797 numquam
1291 3718 1375 3781 fuit“.
1464 3753 1465 3756 ¹

253 3825 315 3884 Nos
337 3831 372 3882 ut
393 3827 425 3884 in
446 3827 484 3882 iis
506 3824 713 3896 subsistamus,
737 3842 803 3900 quae
825 3825 992 3882 neeessarie
1010 3829 1139 3881 sunt-
1153 3843 1223 3882 nem
1247 3829 1375 3884 seuerius
1464 3847 1465 3900 ,

254 3931 286 3987 in
309 3927 384 3986 duos
407 3925 521 3985 iambos
544 3930 653 3998 exiens,
677 3932 712 3984 nt
734 3945 793 3984 non
813 3923 987 3997 laudandus,
1008 3928 1051 3984 116
1066 3926 1283 4002 relinquendus
1299 3925 1375 3985 vide·

254 4035 305 4088 tur
327 4049 448 4106 -pro
475 4025 569 4100 ,Sed“
600 4031 755 4104 posuimus
779 4021 862 4099 siet,
893 4027 973 4104 qnod
1001 4029 1033 4085 in
1061 4033 1234 4104 sequentem
1263 4047 1374 4086 versum

254 4132 432 4189 translatum
460 4134 549 4189 etiam
573 4130 646 4189 olibi
667 4130 792 4206 legitur,
815 4149 844 4188 v,
868 4149 892 4188 o.
919 4131 988 4188 158.
1034 4129 1066 4190 si
1093 4133 1141 4189 eui
1169 4128 1375 4189 demonstrati·
1464 4135 1465 4138 ’

254 4251 324 4291 vum
350 4251 513 4310 pronomen
536 4237 736 4292 necessarium
759 4232 924 4305 videbitur,
953 4230 1048 4307 leget:
1087 4231 1172 4304 „Sit?
1205 4231 1276 4291 Mos
1297 4251 1374 4291 nnm-

255 4355 342 4412 qusm
367 4331 444 4407 [ille]
468 4336 512 4394 illi
535 4337 594 4394 fnit
614 4339 696 4412 petri
719 4331 815 4392 meo“.
1374 4383 1377 4388 .
