2992 5054
772 547 865 600 Plauti
1161 540 1232 608 11,e‚
1244 545 1382 598 eoo-ees

715 736 929 802 Alcumeus
1118 811 1131 839 ⁸

752 845 843 922 Quae
866 864 931 910 uon
955 841 1103 925 deliquit,
1125 840 1223 906 deoet

255 962 422 1029 Audacem
444 979 524 1038 esee,
548 955 751 1024 confidenter
774 973 833 1036 pro
857 972 892 1018 se
915 957 949 1017 et
971 957 1126 1035 proterue
1148 949 1248 1032 loqui.
1328 959 1385 1012 880

703 1061 939 1146 Amphitruo

255 1155 341 1224 Setis
364 1153 532 1220 audacter.

714 1255 929 1321 Alcumena

535 1365 580 1432 Ut
602 1351 756 1450 pudieam
778 1362 883 1428 deeet.

701 1472 938 1558 Amphitruo

891 1578 930 1642 Id
954 1583 987 1644 tu
1008 1577 1118 1644 uerbis
1141 1579 1269 1662 probes.

706 1706 923 1770 Alcumena

254 1821 329 1887 Nou
351 1839 411 1902 ego
433 1817 524 1886 illam
545 1815 625 1884 mihi
648 1815 760 1880 dotem
782 1813 865 1878 duoo
889 1833 969 1894 esse,
992 1833 1076 1896 quoe
1099 1811 1157 1877 dos
1181 1813 1309 1894 dieitur,

254 1928 318 1996 Sed
342 1926 533 2012 pudicitiam
556 1931 590 1990 et
611 1923 769 2008 pudorem
793 1927 827 1986 et
847 1921 997 1986 sedatum
1020 1919 1215 2004 cupidinem,

253 2039 358 2104 Deum
380 2041 517 2113 metum,
540 2038 714 2116 pareutum
736 2051 880 2094 amorem
905 2035 938 2093 et
961 2035 1136 2112 cognatum
1163 2029 1389 2112 oouoordiam,

254 2144 327 2211 Tibi
349 2148 386 2207 ut
406 2142 568 2224 morigera
590 2145 690 2223 etque
712 2144 750 2203 ut
771 2135 923 2203 munifice
945 2137 1005 2202 sim
1027 2136 1136 2216 bouis,
1159 2138 1283 2220 prosim
1305 2159 1389 2222 pro-

971 2245 1032 2310 bis.
1118 2334 1119 2338 *
1331 2248 1390 2300 835

760 2352 875 2418 Sosia

253 2469 302 2534 Ne
324 2469 389 2533 ista
411 2463 537 2549 edepol,
559 2465 586 2528 si
607 2463 690 2528 heeo
711 2483 793 2528 uere
814 2460 968 2544 loquitur,
988 2463 1215 2528 examussimst
1235 2468 1387 2547 optume,

700 2591 937 2677 Amphitruo
1464 2565 1465 2616 l

252 2706 423 2773 Delenitus
445 2725 517 2769 sum
538 2701 687 2786 profecto
709 2701 767 2781 ite,
789 2705 826 2766 ut
847 2721 899 2764 me
922 2701 979 2784 qui
1001 2701 1062 2765 sim
1084 2701 1237 2765 nesciam.

758 2831 873 2897 Sosio

250 2938 472 3023 Amphitruo’s
494 2940 657 3025 profecto,
680 2960 760 3004 oeue
784 2941 829 3004 sis
851 2961 892 3004 ne
914 2947 951 3003 tu
973 2946 1007 3003 te
1029 2961 1091 3006 usu
1113 2939 1261 3024 perduis3
1459 2989 1460 3062 p

251 3050 304 3115 Ita
326 3069 413 3114 nuno
435 3048 582 3114 homines
601 3050 812 3126 inmutantur,
832 3053 1006 3131 postquam
1023 3067 1159 3132 peregre
1176 3047 1386 3117 eduenimus.
1458 3095 1459 3152 p

699 3179 766 3244 Am
799 3179 931 3244 hitruo
1457 3173 1458 3240 l

251 3287 378 3366 Mulier,
402 3288 507 3352 istene
530 3309 600 3352 rem
621 3201 812 3371 inquisiteiin
834 3293 993 3354 certumst
1014 3309 1080 3354 nou
1104 3289 1265 3355 amittere.
1331 3301 1387 3354 840
1455 3264 1457 3350 l

707 3417 925 3483 Aloumeue

250 3523 378 3608 Edepol
400 3545 451 3589 me
475 3525 608 3591 lubente
630 3523 740 3590 saoies.

662 3682 667 3694 ·
697 3655 934 3740 Amphitruo

747 3764 833 3842 Quid
855 3765 924 3829 aie?
946 3765 1108 3849 responde
1130 3765 1223 3830 mihi:

250 3870 344 3951 Quid,
368 3872 396 3935 si
418 3869 545 3935 edduoo
568 3877 661 3936 tuum
683 3879 857 3956 cognatum
879 3872 944 3937 hue
966 3893 986 3938 e
1008 3875 1087 3938 noui
1107 3871 1317 3955 Nauoratem,

250 3979 313 4056 Qui
336 3999 463 4043 meeum
484 3999 549 4043 una
571 3986 703 4045 uectust
724 4001 790 4046 uua
812 3981 897 4061 naui,
920 3986 1020 4064 atque
1042 3982 1071 4046 is
1093 3982 1120 4046 si
1142 3981 1283 4064 deneget

248 4087 274 4151 F
277 4093 363 4168 eote,
387 4107 471 4170 quae
494 4090 529 4150 tu
552 4077 641 4152 isola
664 4088 753 4168 diois,
777 4089 855 4172 quid
877 4089 938 4154 tibi
961 4095 1131 4172 aequomst
1151 4088 1246 4154 fieri?

248 4192 414 4278 Numquid
430 4214 564 4258 oausam
581 4195 672 4276 dieis,
692 4198 770 4284 quin
788 4202 820 4262 te
838 4198 901 4263 hoo
918 4198 1054 4264 multem
1070 4198 1301 4263 matrimonio?
1324 4209 1380 4262 885

318 4427 367 4477 831
387 4424 420 4477 In
438 4426 530 4478 uerbis
586 4428 638 4480 835
655 4427 718 4479 Tibi
736 4429 875 4495 morigere
914 4429 1059 4483 munifices
1077 4431 1107 4484 in
1164 4432 1216 4484 837
1233 4431 1377 4488 Delinitus
