2960 5038
248 491 310 552 228
721 485 899 555 Amphitruo.

247 681 343 738 emori
372 679 585 756 impedimento
615 681 669 753 sit,
699 679 885 739 ludificatum
912 680 1161 758 verberatumque
1196 681 1233 739 eb
1262 681 1367 740 edibus
1455 681 1456 684 ’

246 783 348 860 ebigit.
394 781 503 840 Servus
528 781 587 842 iem
609 801 704 860 prope
725 785 791 860 ipse
813 782 850 840 de
873 802 905 842 se
926 782 1067 841 dubitens
1089 782 1127 841 ed
1149 781 1254 841 herum
1277 803 1367 842 rever
1455 839 1456 848 ἶ

244 885 329 958 titur,
354 905 371 942 e
393 903 451 960 quo
475 885 560 960 quusi
581 883 697 944 lebulee
720 904 843 944 nerrens
871 885 1059 944 vehementer
1080 886 1262 963 increpatur.
1305 883 1368 964 Ipse

245 993 344 1046 eutem
366 985 544 1064 Amphitryo
577 1005 699 1072 uxorem
732 993 802 1063 post
830 993 947 1047 tantum
977 992 1095 1064 tempus
1123 987 1209 1046 laetus
1242 989 1368 1046 revisens

246 1109 369 1166 eumque
391 1091 441 1160 iis,
471 1087 579 1164 quibus
607 1088 744 1161 decebat,
774 1089 872 1150 verbis
895 1089 1028 1150 salutem
1055 1089 1144 1164 longe
1167 1089 1256 1148 aliter
1280 1090 1316 1148 ab
1338 1110 1370 1148 ee
1455 1077 1456 1170 J

245 1193 405 1268 accipitur,
430 1192 541 1268 quippe
564 1209 629 1267 quse
652 1211 682 1250 se
705 1191 742 1250 ab
765 1211 807 1266 eo,
832 1211 919 1268 quem
948 1211 1046 1270 nuper
1073 1191 1246 1250 discessisse
1274 1197 1368 1269 putat,

244 1292 376 1351 ludibrio
398 1291 501 1350 heberi
525 1297 652 1350 censeat.
690 1293 764 1352 Inde
788 1295 920 1354 convicio
943 1301 1010 1354 orto
1032 1295 1158 1354 meritus
1180 1295 1269 1352 uxori
1290 1294 1369 1352 edul-
1455 1343 1456 1358 ,

243 1397 353 1455 terium
375 1393 551 1471 exprobret3
580 1397 644 1472 ipse
668 1395 745 1466 ebit,
768 1401 803 1454 ut
824 1395 957 1455 homines
983 1401 1114 1474 queret,
1139 1415 1266 1474 quorum
1287 1399 1369 1455 testi·

244 1499 343 1556 monio
364 1497 473 1574 probet
494 1517 525 1555 se
546 1497 683 1572 proxima
704 1503 789 1556 nocte
800 1497 909 1558 Thebis
932 1518 990 1558 non
1013 1499 1113 1558 fuisse.
1146 1498 1274 1557 Interim
1295 1497 1370 1557 redit
1455 1495 1456 1554 l

243 1600 381 1678 Iuppiter
397 1618 556 1676 personum
571 1599 797 1677 Amphitryonis
818 1619 924 1678 gerens
940 1600 1116 1677 blandisque
1133 1599 1232 1659 verbis
1250 1621 1370 1660 uxorem

245 1706 371 1780 propter
397 1700 557 1759 meledicta
584 1701 683 1758 meriti
711 1701 820 1760 iretem
847 1702 947 1780 placet
974 1723 1040 1762 cum
1068 1723 1162 1780 eaque
1188 1705 1220 1761 in
1246 1705 1369 1780 gratiem
1455 1691 1456 1752 ἶ

245 1804 340 1877 redit;
369 1803 548 1879 Amphitryo
577 1807 675 1860 autem
706 1823 724 1862 a
750 1805 833 1877 navi,
863 1804 915 1863 ubi
942 1810 1032 1864 testes
1060 1804 1173 1864 frustra
1205 1807 1368 1882 quesierat,
1455 1785 1456 1852 l

245 1921 382 1964 reversus
404 1905 526 1964 domum
548 1904 677 1963 cleusem
699 1907 814 1964 invenit
837 1912 868 1965 et
891 1907 1085 1980 eMereurio,
1109 1927 1197 1984 quem
1214 1927 1271 1984 pro
1288 1907 1370 1966 Sosia
1455 1941 1456 1974 ,

245 2006 348 2080 habet,
372 2009 541 2085 importune
564 2011 595 2064 et
616 2011 755 2082 proterve
782 2007 921 2086 abigitur.
943 2038 987 2050 -
1009 2008 1086 2068 Hine
1106 2029 1177 2086 pers
1199 2029 1259 2068 non
1281 2028 1371 2086 parva

244 2108 352 2168 iebuloe
368 2109 495 2168 interiit.
524 2108 660 2185 Apparet
682 2109 786 2168 turbes
802 2116 904 2170 enetos
922 2129 986 2170 esse
1001 2111 1053 2184 ite,
1071 2115 1115 2183 ut,
1133 2129 1225 2186 quum
1237 2109 1370 2188 Iuppiter

244 2212 308 2288 ipse
331 2212 362 2269 in
384 2229 502 2269 soenem
525 2211 691 2288 prodisset,
714 2217 782 2270 uter
810 2232 897 2271 verus
924 2219 1003 2272 esset
1023 2213 1216 2289 Amphitryo,
1240 2213 1370 2272 homines

246 2312 440 2386 ambigerent.
454 2342 496 2353 -
511 2312 644 2370 Tandem
667 2318 824 2390 postquem
841 2313 986 2374 Alcmene
1006 2317 1140 2390 geminos
1161 2317 1290 2393 peperit,
1313 2334 1371 2374 non

246 2414 368 2472 Tiresiae
389 2416 514 2487 monitu,
539 2414 592 2473 sed
614 2416 707 2491 ipsius
723 2415 802 2474 Iovis
824 2419 945 2476 numine
968 2417 1126 2476 menifesto
1149 2421 1180 2476 et
1202 2437 1274 2478 voce
1296 2419 1369 2490 vive,

246 2516 318 2592 quid
340 2515 451 2575 factum
474 2517 522 2588 sit,
545 2515 725 2594 Amphitryo
749 2521 902 2595 comperit.

284 2687 287 2692 .
331 2616 430 2676 Plauti
451 2618 631 2696 Amphitruo
664 2639 700 2676 ex
733 2639 792 2697 quo
820 2619 923 2680 Groeco
956 2625 1046 2698 poeta
1072 2620 1180 2680 Letine
1209 2639 1295 2679 verse
1323 2622 1369 2693 eit,

245 2722 411 2796 ignoretur.
456 2719 531 2778 Nem
562 2726 597 2778 nt
630 2740 679 2780 eos
711 2722 899 2795 omittemus,
934 2724 985 2800 qui
1012 2723 1076 2782 sine
1103 2723 1167 2781 ulle
1193 2723 1309 2782 ratione
1335 2721 1370 2780 de

246 2820 425 2899 Epicharmo
449 2822 632 2896 cogitarunt,
662 2825 801 2900 quonism
824 2825 984 2884 Rhintonie
1006 2823 1184 2901 Syracusani
1206 2825 1371 2901 Ἀμφιτρύων

246 2923 329 3000 upud
349 2923 525 2982 Athenaeum
546 2921 591 2981 III
613 2943 641 3000 p.
667 2927 726 2986 411
752 2947 776 2985 c.
800 2925 947 2999 laudetur,
971 2926 1099 2999 fuerunt,
1124 2927 1176 3002 qui
1197 2925 1268 2984 inde
1290 2926 1370 2985 febu-

246 3025 305 3083 lsm
326 3024 402 3083 hano
425 3024 584 3085 deductam
606 3031 749 3104 peterent
770 3033 802 3086 et
823 3027 862 3086 ed
883 3027 1133 3103 hilerotregoediee
1160 3046 1255 3104 genus
1281 3027 1369 3086 refer·
1455 3097 1456 3100 Ἰ

246 3133 323 3186 rent.
358 3126 442 3199 Quod
463 3146 556 3204 genus
579 3131 715 3204 quemvis
737 3149 842 3207 parurn
860 3135 964 3189 notum
982 3131 1031 3204 sit,
1049 3149 1103 3188 nec
1113 3127 1277 3188 Laurentio
1289 3128 1369 3206 Lydo

244 3229 305 3288 levi
328 3231 442 3288 euctori
463 3235 582 3288 tantum
604 3230 736 3290 tribuere
762 3233 866 3305 susim,
888 3236 923 3290 ut
945 3238 997 3290 ant
1017 3237 1117 3291 totum
1139 3236 1193 3292 eut
1214 3233 1369 3291 meximem

246 3337 361 3409 purtem
377 3331 557 3390 hexametris
574 3333 718 3410 scriptum
740 3333 830 3392 inisse
851 3338 963 3411 putem,
986 3337 1087 3392 temen
1109 3333 1181 3392 mihi
1204 3353 1324 3411 quoque
1339 3337 1370 3390 ut

180 3493 181 3496 ,
246 3433 367 3494 Osenno
384 3428 516 3506 („Ueber
532 3432 590 3492 den
601 3433 780 3510 Amphitruo
799 3435 852 3494 des
864 3431 1014 3494 Plautus*
1024 3437 1056 3494 in
1071 3435 1176 3495 Museo
1187 3434 1369 3496 Rhenenoll

247 3531 358 3610 (1834)
370 3555 401 3613 p.
410 3535 469 3594 305
484 3531 563 3612 sqq.)
577 3555 595 3594 a
606 3535 748 3595 comoedia
759 3535 909 3596 diversum
920 3538 1010 3597 luisse
1022 3537 1150 3597 videtur.
1166 3537 1208 3598 Ut
1219 3538 1259 3596 ed
1269 3557 1367 3598 verum

246 3637 394 3695 comcediee
415 3655 510 3714 genus
531 3643 727 3711 transeamus,
750 3640 878 3716 primum
891 3639 1064 3699 Oesaubono
1086 3638 1125 3698 ed
1141 3639 1368 3700 Athenoeumlil

245 3757 275 3814 p.
297 3738 356 3797 110
375 3737 403 3795 d.
430 3737 586 3810 „Platonis
603 3739 670 3798 Nox
691 3738 795 3818 longe“
822 3741 980 3800 videbatur
1008 3761 1085 3816 ,non
1107 3742 1260 3801 dissimilis
1282 3743 1367 3802 fluisse

246 3843 420 3916 argumento
442 3838 656 3918 Amphitruoni
677 3840 814 3915 Pleuti“;
842 3844 875 3902 id
902 3844 984 3921 quod
1012 3864 1067 3904 nee
1093 3863 1130 3902 ex
1157 3844 1222 3903 solo
1252 3847 1368 3905 nomine

245 3960 300 3999 nee
322 3960 359 3999 ex
379 3943 497 4017 peusis,
522 3961 587 4020 que
611 3949 722 4017 extent,
746 3945 921 4019 fragmentis
943 3946 1064 4022 probari
1086 3950 1197 4022 potest.
1231 3947 1295 4005 Alii
1315 3947 1367 4006 Ar·

245 4041 388 4120 chippum
416 4031 569 4103 auctorem
597 4045 687 4105 fuisse
708 4051 866 4122 puterunt,
891 4051 922 4104 et
944 4048 1041 4124 ipsum
1069 4048 1201 4125 antiquie
1223 4048 1367 4108 comoedis

246 4146 436 4220 scriptorem,
471 4164 559 4222 quem
581 4145 626 4205 01.
649 4146 717 4206 XCI
746 4149 903 4208 victoriem
929 4155 1100 4226 reportasse
1129 4149 1235 4209 Studes
1268 4151 1366 4210 tradit.

245 4244 342 4304 Huius
363 4248 529 4323 Ἀμφιτρύων
559 4253 650 4324 etque
671 4251 761 4308 stiam
782 4252 949 4326 Ἀμφιτρύων
971 4252 1092 4328 δεύτερος
1113 4251 1271 4327 laudatum
1294 4254 1367 4328 freg-

245 4353 346 4406 menta
373 4347 496 4422 collegit
517 4349 655 4407 Meineke
676 4350 720 4421 H,
743 4371 773 4428 p.
799 4353 870 4410 715.
915 4353 985 4412 Haec
1013 4374 1080 4413 cum
1102 4353 1244 4412 Plautino
1272 4354 1368 4414 iebule
