2956 5018
244 479 305 542 180
701 469 911 544 Prolegomena.

242 673 326 748 signo
348 667 458 728 notavi.
492 665 591 727 Unum
614 671 711 726 autem
729 669 846 744 signum
862 670 950 745 posui
973 669 1004 728 in
1027 671 1164 746 graviore
1180 670 1271 749 pedis
1293 677 1394 748 parte

244 778 310 846 sut,
334 773 360 830 si
381 771 472 847 longa
493 768 608 845 syllaba
630 769 729 829 soluta
751 776 810 844 est,
833 771 989 848 inpriore
1010 772 1155 832 brevium.
1200 773 1238 832 In
1260 775 1395 832 creticis

241 875 336 954 priori
357 875 453 950 longe
477 876 629 930 accentum
653 875 846 951 superposui;
869 873 1042 934 bacchiscos
1063 895 1120 954 pro
1140 877 1260 936 creticis
1280 877 1393 936 habeo

243 978 411 1054 anteposito
433 973 544 1033 iambo.

299 1115 302 1125 ·
327 1079 391 1136 Iam
414 1077 452 1136 ad
472 1076 599 1152 singula,
620 1077 729 1154 quibus
740 1075 865 1136 Plautus
887 1097 958 1138 usus
981 1084 1035 1152 est,
1058 1085 1155 1139 metra
1175 1083 1390 1139 marceamus.
1468 1069 1469 1120 l

629 1246 788 1307 Senario
810 1246 988 1322 iambico,

242 1387 313 1464 quia
340 1406 358 1444 a
385 1384 559 1463 quotidiano
588 1403 723 1443 sermone
752 1403 811 1442 non
840 1384 968 1443 multum
1000 1383 1172 1462 discrepare
1204 1384 1390 1458 videbatur,

242 1493 338 1566 poetae
360 1488 469 1546 scenici
490 1488 522 1546 in
545 1486 688 1546 diverbiis
711 1486 794 1545 nulla
815 1487 906 1545 animi
922 1486 1152 1564 perturbatione
1168 1488 1390 1547 vehementius

243 1591 399 1649 commotis
421 1589 594 1648 utebantur,
639 1587 736 1648 Graeci
757 1591 929 1648 trimetrum
955 1588 1104 1663 dicebant,
1129 1593 1202 1667 quia
1223 1610 1286 1650 nou
1299 1593 1389 1650 sim·

242 1692 370 1770 plicibus
393 1690 446 1750 sed
469 1692 638 1771 duplicibus
661 1689 788 1767 pedibus
810 1690 1020 1750 metiebantur.
1053 1691 1130 1750 Nam
1147 1712 1217 1751 raro
1243 1714 1281 1751 ex
1306 1692 1387 1752 solis

244 1795 350 1854 iambis
384 1798 516 1867 constat,
552 1795 619 1866 sed,
654 1798 690 1852 ut
723 1795 766 1852 ait
793 1791 939 1852 Horatius
967 1792 1005 1852 ad
1026 1792 1152 1854 Pisones
1180 1815 1209 1853 v.
1234 1797 1298 1854 235
1325 1813 1386 1871 sq„

247 1896 381 1970 ,tardior
407 1901 443 1954 ut
470 1897 560 1973 paulo
590 1898 769 1972 graviorque
796 1895 913 1954 veniret
940 1894 978 1954 ad
1006 1915 1107 1968 aures,
1137 1895 1288 1974 spondeos
1318 1901 1386 1955 sta-
1468 1895 1469 1982 l

242 1996 337 2058 biles“
374 1999 406 2058 in
438 1998 567 2077 priorem
603 1999 745 2074 cuiusque
773 1997 903 2075 dipodius
932 1997 1031 2056 sedem
1063 1994 1225 2075 ,recepit“,
1254 2003 1292 2057 ut
1319 2017 1384 2056 non
1468 1987 1469 2067 l

243 2099 418 2179 tampades
440 2099 567 2178 pedibus
591 2119 679 2177 quam
702 2099 831 2176 dipodius
851 2098 981 2177 dipodiis
1000 2099 1228 2177 responderent
1263 2099 1385 2160 Salutis
1468 2077 1469 2163 l

244 2205 341 2278 longis
364 2201 486 2280 syllabis
508 2222 564 2280 pro
587 2201 686 2260 iambo
709 2201 892 2278 tribrachys,
921 2221 977 2280 pro
1005 2200 1138 2279 spondeo
1167 2201 1306 2278 dactylus
1329 2199 1383 2274 fit;

244 2306 464 2383 anspaestum'
455 2325 487 2362 m
515 2305 612 2381 primo
641 2303 798 2363 dumtaxat
825 2303 902 2380 pede
930 2304 1094 2362 admittunt
1120 2305 1242 2382 tragici,
1273 2304 1384 2362 comici

243 2427 303 2466 non
330 2425 491 2483 numquam
522 2407 614 2464 etism
635 2407 667 2464 in
690 2405 767 2464 aliis.
811 2405 865 2465 Ult
852 2405 947 2464 terius
975 2407 1128 2482 progressi
1150 2406 1253 2466 Latini
1279 2411 1382 2484 poetae

244 2507 409 2585 spondeum
441 2528 502 2566 non
537 2507 632 2566 solum
660 2509 691 2565 in
718 2509 831 2586 primo,
859 2508 965 2581 tertio,
997 2509 1116 2586 quinto,
1145 2508 1198 2568 sed
1226 2509 1320 2567 etiam
1347 2510 1382 2566 in

245 2611 375 2669 secundo
399 2615 429 2668 et
450 2615 557 2687 quarto
580 2609 657 2687 pede
679 2607 843 2687 ponebant,
868 2613 899 2668 et
919 2630 976 2688 pro
1000 2611 1142 2688 spondeo,
1162 2611 1264 2669 soluta
1281 2611 1382 2670 altera

245 2714 346 2787 longa,
376 2717 572 2790 anapaestum,
602 2711 690 2771 modo
721 2716 823 2772 sextus
856 2713 972 2772 iambus
1006 2714 1123 2790 integer
1155 2717 1305 2786 maneret,
1341 2711 1381 2770 de

247 2815 354 2873 ceteris
373 2817 480 2873 securi.
514 2814 659 2892 Adeoque
677 2814 740 2873 haec
762 2813 900 2891 placebat
923 2816 985 2874 sire
1007 2817 1140 2890 gravitas
1162 2814 1225 2872 sire
1246 2815 1381 2873 varietas

244 2935 450 2988 numerorum,
474 2921 509 2974 ut
531 2917 664 2975 senarius
687 2919 719 2976 in
742 2917 825 2976 duos'
839 2916 952 2976 iambos
975 2917 1075 2975 exiens
1097 2935 1167 2975 roro
1189 2915 1379 2988 inveniebam
1468 2951 1469 2994 1

245 3021 375 3097 tragicos
409 3017 530 3096 quidem
571 3038 687 3095 semper
721 3019 753 3076 in
786 3020 893 3095 quinto
926 3018 1003 3096 pede
1035 3016 1201 3096 spondeum
1240 3019 1380 3095 posuisse

244 3120 408 3182 Diomedes
431 3118 626 3198 affirmat‘sp.
653 3123 713 3181 507
737 3116 837 3195 Κ.)*).
881 3119 961 3180 Illud
983 3125 1083 3179 autem
1105 3121 1137 3178 in
1158 3125 1245 3179 tanta
1274 3140 1379 3180 nume-

245 3245 348 3286 rorum
370 3225 515 3283 varietate
539 3242 656 3300 semper
679 3227 816 3297 cavetur,
839 3243 876 3280 ne
900 3223 984 3281 color
1006 3227 1037 3280 et
1058 3241 1152 3300 genus
1174 3243 1279 3281 versus
1301 3224 1379 3282 obli·
1468 3247 1469 3308 ι

244 3332 367 3386 teretur.
412 3326 518 3402 Itaque
540 3345 646 3404 parum
668 3323 768 3401 placet
791 3325 938 3402 dactylica
959 3344 1019 3384 vox
1041 3323 1165 3382 trochaei
1187 3325 1252 3384 loco
1276 3327 1380 3403 posits
1468 3377 1469 3408 ,

245 3430 294 3490 vel
320 3430 351 3488 iu
379 3427 539 3488 trochaicis
565 3427 614 3486 vel
642 3427 672 3485 in
706 3426 840 3486 iambicis
873 3426 1024 3500 versibus,
1057 3427 1150 3504 idque
1182 3427 1256 3486 ferri
1287 3447 1379 3506 posse

271 3678 296 3747 *)
316 3675 368 3746 Qui
388 3677 462 3733 hanc
484 3693 543 3731 rem
562 3676 770 3730 accuratissime
789 3675 973 3744 examinavit,
995 3675 1106 3730 Luchs
1128 3675 1159 3731 in
1181 3674 1380 3731 Studemundii
1468 3705 1469 3710 κ

314 3763 429 3832 Studiis,
446 3763 468 3831 I,
487 3761 621 3817 Senecam
639 3761 838 3817 animadvertit
856 3777 1008 3830 numquam
1026 3763 1061 3815 ab
1079 3761 1134 3816 hac
1151 3761 1214 3830 lege
1235 3759 1379 3816 discedere

313 3848 370 3902 nisi
386 3849 417 3902 in
434 3847 577 3904 vocabulis
595 3851 728 3916 quattuor
746 3847 927 3916 syllabarum
947 3845 1022 3917 apud
1039 3851 1147 3902 ceteros
1163 3849 1259 3901 eutem
1275 3845 1376 3902 diiam-

313 3933 408 3988 bicum
425 3933 531 3988 exitum
549 3933 636 3988 etiam
653 3937 714 3987 tum
731 3932 860 4001 inveniri,
879 3933 903 3987 si
921 3933 1015 4002 quarti
1031 3933 1112 4004 pedis
1129 3931 1217 3987 thesis
1233 3931 1326 3986 soluta
1340 3932 1379 3987 sit

316 4019 351 4088 (v
361 4045 384 4063 ν
395 4043 418 4063 ν
429 4042 453 4062 ν
462 4045 497 4056 -·-
506 4043 530 4061 υ
538 4016 594 4086 “-),
612 4023 661 4073 aut
676 4018 700 4072 si
713 4018 815 4072 ultima
829 4034 924 4073 versus
941 4035 999 4074 vox
1017 4019 1155 4072 creticum
1172 4015 1282 4072 efficiat
1308 4014 1377 4085 Quas

216 4131 221 4134 ·
316 4103 443 4174 quamvis
460 4108 537 4158 recte
554 4103 749 4158 animadversa
766 4104 831 4174 sint,
848 4103 890 4158 ita
906 4106 1002 4158 tamen
1019 4105 1089 4174 legis
1103 4105 1161 4158 vim
1174 4101 1304 4157 obtinere
1318 4121 1378 4159 non

314 4192 446 4259 possunt,
463 4193 508 4257 ut,
526 4189 550 4243 si
568 4205 630 4258 quas
648 4193 808 4259 repugnant
825 4188 965 4259 exempla,
982 4206 1034 4258 pro
1053 4189 1194 4258 corruptis
1211 4186 1310 4242 haberi
1327 4187 1375 4243 de·

315 4275 408 4328 beant.
435 4271 529 4349 Unum
543 4273 603 4344 ipse
617 4274 730 4344 excipit,
749 4274 868 4342 „malam
886 4271 1023 4344 crucem“,
1041 4290 1097 4343 quo
1114 4273 1202 4328 modo
1219 4289 1295 4342 serpe
1313 4289 1373 4329 rer·

315 4375 362 4412 sus
379 4359 580 4426 terminantem
599 4358 649 4413 ssd
665 4359 721 4413 hoc
739 4358 820 4426 quasi
836 4375 889 4428 pro
906 4375 962 4414 uno
980 4359 1119 4414 vocabulo
1137 4359 1247 4430 accipit
1325 4417 1327 4420 .
