2976 5056
588 491 724 544 minens
1159 493 1221 554 349

67 679 208 757 ingenia
230 703 332 742 earum
355 685 454 762 aliqua
477 689 593 744 ratione
615 684 830 756 indicarentur,
853 682 885 740 id
903 683 951 741 hic
970 703 1089 760 quoque
1107 684 1220 742 lactum

67 791 134 855 est,
164 785 221 844 ubi
242 805 298 863 per
320 788 448 846 ironiam
471 788 621 864 quandam
643 785 800 866 splendida
823 789 946 844 nomina
968 792 997 843 et
1015 784 1113 844 laudis
1130 786 1221 863 plena

67 886 227 963 turpibus
254 887 401 947 induntur
426 893 573 966 personis.
620 883 826 950 Dasaretae
854 884 1058 962 (Δημαίνετος),
1088 889 1175 964 quasi
1205 911 1221 946 a

66 988 202 1064 populo
224 990 373 1063 laudatus,
397 1011 483 1050 senex
506 993 556 1050 ille
579 1011 705 1068 nsquam
729 989 912 1067 appellatur,
938 1010 1027 1068 quern
1050 1011 1127 1050 uxor
1150 991 1220 1049 dum

68 1091 103 1146 in
138 1097 253 1151 senatu
281 1092 452 1170 reipublicae
482 1097 604 1170 operam
633 1093 704 1151 dare
733 1097 834 1150 censet
863 1087 903 1165 (v.
929 1089 1022 1165 862),
1051 1113 1088 1151 ox
1116 1095 1220 1152 lustris

67 1212 240 1272 ganeaque
259 1195 398 1253 extrahit.
430 1195 520 1255 Lena
537 1215 644 1254 nomen
662 1196 897 1272 suprascriptum
919 1201 962 1252 est
981 1213 1075 1254 scens
1088 1217 1105 1254 a
1116 1215 1143 1254 v.
1160 1197 1219 1255 152

70 1295 245 1374 incipienti
261 1295 459 1371 cusanus,
483 1297 591 1357 deinde
608 1299 638 1354 in
656 1301 799 1355 contextu
817 1311 850 1353 v:
864 1297 925 1354 744
948 1295 1166 1372 ,claearetee“;
1190 1301 1221 1358 in

70 1395 272 1458 editionibus
292 1405 338 1457 est
354 1399 508 1473 Cleareta,
532 1403 689 1475 Κλεωρέτη,
713 1397 765 1457 sed
782 1401 883 1475 potius
899 1392 1056 1473 Cleareta,
1074 1403 1222 1477 Κλεαρὲτη,

72 1499 158 1574 fuit,
189 1521 256 1559 nam
279 1504 431 1578 Κλεάρετος
460 1506 490 1561 et
514 1505 648 1579 Τιμαρέτη
675 1507 747 1559 nota
775 1501 896 1560 uomina
924 1506 1009 1574 sunt,
1039 1504 1125 1578 quasi
1154 1523 1220 1580 qum

71 1601 207 1661 laudem
231 1605 378 1681 acquirat.
423 1597 623 1682 Aryyn'ms
646 1601 834 1682 splendidum
863 1603 960 1680 prima
988 1605 1084 1680 specie
1113 1624 1220 1663 nomen

75 1709 128 1760 est
150 1705 213 1764 eius
230 1708 359 1782 generis,
383 1705 472 1782 quod,
497 1709 569 1784 quia
592 1725 657 1766 oum
683 1726 759 1782 equo
784 1706 974 1763 coniunctum
994 1711 1067 1778 erat,
1089 1707 1219 1782 equitem

74 1803 192 1864 decere
215 1807 374 1866 videbatur
396 1807 525 1885 ideoque
549 1809 652 1866 multis
669 1806 815 1884 placebat,
834 1807 916 1865 velut
934 1809 1021 1865 uxori
1039 1807 1220 1886 Strepsiadis

77 1907 112 1964 in
139 1907 276 1968 Nubrbus
299 1909 525 1988 Aristophanis,
550 1931 577 1969 v.
603 1911 642 1968 63
666 1928 726 1986 sq:
754 1911 766 1978 ἦ
788 1914 837 1983 μὲν
864 1911 918 1986 γὰρ
946 1908 1034 1965 ἵππον
1058 1914 1218 1986 προσετίθει

78 2012 157 2086 πρὸς
178 2011 305 2086 τοῦνομα,
328 2013 495 2072 Ξάνθιππον
517 2015 711 2088 ἣΧαίριππον
735 2012 962 2081 exstimulatae
985 2015 1040 2070 eto.
1076 2011 1132 2071 Hic
1149 2033 1219 2072 vero

79 2112 147 2171 alia
168 2113 257 2172 huius
279 2115 409 2172 nominis
432 2115 509 2173 ratio
533 2119 594 2188 est;
617 2134 685 2172 nam
708 2114 751 2172 sic
775 2111 945 2191 appellatur
964 2113 1146 2188 adulescens,
1168 2115 1218 2192 qai

80 2221 213 2291 propter
235 2219 391 2290 argentum
416 2237 522 2292 equum
546 2237 578 2275 sc
600 2217 673 2274 facit
701 2221 731 2274 et
758 2235 876 2272 servum
905 2235 989 2273 suum
1018 2215 1107 2276 dorso
1137 2218 1220 2276 vehit

83 2313 115 2389 (ὁ
141 2319 187 2374 rob
210 2317 342 2394 ἀργυρίου
366 2317 441 2374 ἕνεκα
463 2315 580 2391 ἵππος),
609 2339 636 2376 v.
663 2319 723 2376 692
748 2337 813 2394 sqq.
862 2311 1042 2376 Phileaium
1071 2319 1103 2376 in
1133 2320 1217 2377 codd.

82 2421 230 2478 meretrix
252 2419 435 2499 appellatur,
466 2421 519 2480 aed
543 2424 681 2490 ψιληνίον,
704 2425 738 2478 ut
760 2421 880 2495 opinor,
904 2440 991 2477 nemo
1016 2420 1146 2494 audivit,
1173 2433 1219 2478 ψι-

84 2523 171 2586 torale
205 2528 234 2579 et
264 2525 401 2578 Φιλαινίον
434 2523 558 2600 vulgata
591 2525 712 2581 nomina
746 2515 868 2594 sunt*);
904 2541 996 2598 quare
1028 2515 1216 2582 Philaenium

84 2623 269 2702 scripsimus.
315 2617 475 2684 Diabolus
502 2625 604 2682 rivalis
634 2624 820 2701 appellatur,
856 2625 940 2700 quasi
975 2624 1136 2682 maledicus
1169 2631 1219 2682 aut

85 2725 284 2783 calumniator
313 2721 342 2799 (ὅ
369 2723 550 2800 διαβάλλων),
574 2727 645 2802 quia
672 2723 786 2801 flagitia
814 2727 871 2782 viri
900 2727 986 2784 uxori
1016 2727 1079 2783 eius
1108 2727 1220 2784 indicat

87 2821 128 2899 (v.
148 2823 235 2899 804).
272 2825 446 2886 Fleckeisen
474 2825 669 2901 „Diabulum“
696 2829 823 2903 scripsit,
847 2821 929 2905 *quod
954 2830 976 2884 si
1000 2849 1018 2886 a
1041 2829 1221 2902 διαβουλεύειν

86 2927 216 3002 ducitur,
240 2949 294 2988 neo
316 2929 552 3007 probabiliorem
574 2928 666 2986 habet
689 2931 816 2987 nominis
841 2931 984 2987 rationem
1011 2951 1065 2989 nec
1093 2937 1221 3009 propter

87 3051 229 3089 numeros
253 3030 324 3089 ferri
353 3037 466 3108 potest,
498 3035 638 3108 quoniam
667 3029 765 3089 media
794 3035 874 3090 vocis
903 3032 1018 3107 syllaba
1045 3031 1145 3090 brevis
1177 3037 1222 3090 est

87 3151 114 3189 v.
139 3133 211 3190 62⁷.
258 3127 431 3192 Artemona
454 3132 562 3191 Latine
586 3133 712 3205 dicitur,
737 3153 802 3209 quae
827 3133 929 3192 Graece
952 3134 1009 3190 fuit
1031 3136 1147 3208 Ἀριεμώ
1175 3131 1221 3206 (ut

88 3231 175 3311 Corp.
199 3235 291 3292 Inscr.
316 3233 409 3292 Graec.
435 3256 462 3292 n.
489 3231 574 3308 696).
620 3233 651 3293 Si
674 3235 718 3291 vis
742 3235 868 3292 nominis
892 3233 1053 3312 quaerenda
1077 3240 1138 3306 est,
1163 3255 1220 3292 non
1274 3270 1284 3288 .

87 3339 147 3393 tam
171 3356 188 3393 a
211 3336 279 3394 velo
307 3339 442 3409 nautico,
472 3336 553 3414 quod
581 3337 704 3412 ἀρτεμών
733 3337 857 3408 dieitur,
889 3355 976 3413 quam
1007 3337 1043 3394 ab
1073 3336 1220 3394 adicotivo

89 3437 169 3516 quod
205 3443 250 3496 est
284 3438 411 3514 ἀρτεμής,
445 3441 576 3516 integer,
611 3437 805 3515 repetendum
834 3438 962 3496 videtur.
994 3469 1034 3477 —
1062 3437 1221 3496 Servorum

89 3539 164 3597 alter
202 3540 399 3612 „truculentis
434 3537 544 3599 oculis“
589 3536 629 3614 (v.
662 3536 755 3612 398),
796 3541 847 3616 qui
888 3541 1025 3596 atriensis
1064 3559 1222 3617 personam

90 3641 214 3718 suscipit
246 3645 462 3719 pecuniamque
492 3644 652 3700 mercatori
680 3642 790 3714 aufert,
820 3641 938 3699 heroico
967 3642 1085 3699 nomine
1108 3635 1221 3700 Leoni·

91 3737 147 3801 das
175 3743 362 3820 appellatur,
387 3745 476 3816 alter,
501 3745 588 3821 quasi
610 3743 708 3801 mollis
732 3749 762 3800 et
785 3743 904 3819 elegans
928 3763 944 3800 a
967 3743 1055 3801 thure
1078 3737 1222 3802 labara-tta

92 3841 208 3918 dicitur,
234 3863 324 3920 quum
347 3848 466 3921 utrique
489 3847 592 3923 potius
616 3847 765 3904 contraria
788 3845 911 3903 nomina
935 3847 1122 3903 conveniant.

114 4111 138 4177 *)
157 4110 277 4166 Constat
295 4115 388 4164 autem
410 4112 440 4165 in
462 4111 539 4166 nulla
563 4129 592 4166 re
616 4128 676 4166 esse
698 4113 832 4166 maiorem
854 4110 1033 4164 librariorum
1058 4109 1220 4164 inconstan-

157 4197 240 4262 tiam,
260 4212 345 4264 quam
362 4197 392 4249 in
411 4213 463 4251 usa
481 4197 619 4252 vocalium
638 4214 653 4250 e
672 4203 700 4252 et
719 4215 750 4252 ae.
788 4195 834 4250 Sic
857 4197 887 4250 in
909 4196 961 4250 hac
979 4193 1076 4249 fabula
1095 4195 1220 4264 „Demae-

157 4279 255 4335 netus“
279 4283 323 4334 est
344 4283 375 4335 in
397 4282 458 4337 cod.
478 4281 499 4335 B
523 4301 547 4336 v.
566 4285 616 4337 341
641 4287 669 4336 et
692 4285 756 4349 573,
784 4281 851 4335 alibi
874 4299 984 4350 semper
1009 4280 1221 4348 „demenetus“;

158 4364 305 4434 frequente
324 4365 438 4434 „laena“
458 4385 509 4436 pro
529 4367 635 4436 „lena“,
655 4367 763 4437 „sepe“,
782 4367 847 4421 alie.
