2956 5018
574 481 784 552 Prolegomena.
1184 491 1243 553 167

118 676 243 734 maxime
281 677 470 755 refragantes
505 678 544 737 sd
576 699 642 737 eam
674 680 791 756 exigere
823 684 949 738 conatus
982 685 1042 752 est,
1077 700 1151 758 opus
1183 701 1245 741 nou

117 776 250 852 arduum,
274 780 329 840 sed
351 801 461 840 vanum
483 787 513 840 et
533 782 639 842 inutile
657 801 822 860 eggressus.
856 781 936 841 Illud
953 802 1071 860 quoque
1094 783 1245 844 affirmare

116 883 221 956 ausim,
247 903 315 957 eos,
328 886 393 963 ‘qui
414 886 504 961 primi
525 885 620 962 legem
645 885 682 944 de
710 887 842 963 quinque
872 885 988 944 actibus
1014 891 1244 962 proposuerunt,

115 983 150 1042 de
171 987 324 1062 tragoedia
339 993 458 1046 tantum
476 991 638 1066 cogitasse;
656 1009 726 1048 uam
742 989 784 1048 ibi
800 987 920 1047 demum
937 989 1044 1048 chorum
1061 990 1244 1064 remanebat,

113 1087 142 1144 in
161 1089 312 1148 semema
327 1091 445 1168 pridem
463 1091 594 1151 abolitus
616 1099 690 1165 erat,
714 1112 770 1152 neo
790 1091 853 1151 ulla
875 1112 964 1150 cause
986 1097 1061 1164 erat,
1085 1113 1138 1152 cur
1160 1099 1244 1152 ectus

113 1198 339 1267 separarentur,
362 1195 422 1252 nisi
444 1195 520 1253 forte
542 1215 603 1254 uno
629 1200 682 1254 aut
703 1195 799 1254 altero
822 1195 886 1254 loco
904 1198 1073 1270 argumenti
1089 1199 1168 1256 ratio
1184 1198 1245 1256 tale

112 1293 185 1368 qnid
207 1297 369 1356 suadebat.
411 1297 596 1357 Posteriores
618 1317 689 1356 vero
711 1303 774 1357 tem
797 1297 954 1356 comoedias
976 1318 1065 1375 quem
1087 1299 1246 1376 tragoedias

111 1397 141 1454 in
169 1401 308 1478 quinque
336 1404 419 1460 actus
445 1400 671 1474 describebant,
695 1402 778 1460 velat
799 1401 841 1459 M.
864 1403 1035 1461 Antoninus
1057 1404 1088 1460 in
1111 1407 1245 1462 extremo

110 1500 181 1560 libri
205 1503 246 1570 εἷς
268 1505 366 1562 ἑαυτὸν
388 1505 487 1582 capite
513 1503 611 1576 „Quid
633 1501 784 1581 quereris“
811 1506 910 1580 inquit
936 1506 979 1577 „si
1007 1509 1037 1562 te
1066 1524 1165 1564 rernm
1192 1525 1246 1564 na·

6 1649 8 1696 ,
111 1609 181 1663 turs
211 1627 250 1665 ex
278 1607 334 1666 hao
361 1609 424 1666 vita
450 1607 579 1666 dimittit
606 1601 664 1666 olor
691 1606 716 1664 ei
742 1608 872 1683 κωμῳδὸν
900 1607 1012 1665 ἀπολύει
1039 1609 1084 1679 τῆς
1112 1609 1209 1678 orwig
1232 1608 1247 1666 ὃ

112 1712 287 1786 παραλαβὼν
311 1708 481 1788 στρατηγόςῗ
503 1715 568 1769 tum
585 1710 814 1787 respondentem
835 1711 908 1770 fecit
927 1710 1106 1770 oomoedum:
1129 1710 1270 1772 Hll'ota.

7 1813 8 1822 ’
112 1806 250 1872 elnos'sd
273 1816 351 1872 πέντε
372 1817 448 1890 μέρη,
471 1813 539 1872 ἀλλὰ
560 1815 594 1872 τὰ
612 1816 682 1890 epta.

6 1961 8 1980 .
199 1917 302 1976 Nolim
332 1916 470 1994 equidem
496 1915 648 1976 Euanthia
678 1916 814 1990 credere,
845 1915 924 1976 malo
954 1916 1071 1974 auctori
1100 1911 1158 1989 (De
1185 1919 1247 1974 tra·

6 2071 8 2106 ,
113 2019 213 2092 gadis
245 2025 278 2078 et
311 2019 454 2079 oomoedia
481 2041 511 2097 p.
534 2019 605 2078 XIV
633 2015 735 2093 Klots)
769 2019 983 2091 Menandrum,
1018 2038 1109 2094 quum
1141 2018 1248 2078 choros

113 2125 381 2197 praetermitteret‚
404 2121 503 2181 locum
524 2127 624 2181 tamen
646 2124 685 2181 iia
713 2123 885 2199 reliquisse,
915 2121 1101 2199 Latinosque
1129 2121 1248 2180 demum

6 2233 8 2290 l
115 2227 249 2286 comicos
281 2246 320 2284 ne
352 2226 409 2285 hoe
438 2226 558 2303 quidem
586 2226 700 2284 fecisse.
745 2225 794 2284 dn
821 2226 964 2285 credibile
993 2229 1053 2298 est,
1082 2227 1109 2284 si
1137 2245 1173 2284 ea
1199 2225 1248 2284 lex

6 2317 7 2322 ¹
115 2326 290 2388 Grecos-um
312 2329 426 2402 luisset,
451 2330 513 2388 eius
535 2329 651 2388 nullum
673 2333 774 2388 extare
795 2330 969 2404 vestigium,
992 2347 1054 2388 uon
1075 2327 1143 2388 dico
1166 2327 1249 2407 a'pnd

7 2493 8 2496 ,
115 2430 269 2505 Plautum,
293 2431 346 2492 aed
366 2453 404 2490 ne
422 2431 504 2510 apud
519 2431 692 2492 Terentium
709 2430 849 2509 quidem?
872 2431 966 2490 Immo
982 2431 1086 2490 mirari
1101 2430 1172 2490 licet
1187 2432 1248 2490 iam

116 2534 285 2596 Varronem
312 2535 358 2594 illi
385 2535 447 2609 legi
471 2539 535 2594 tum
565 2534 718 2594 addictum
740 2535 846 2607 luisse,
869 2538 904 2594 ut
926 2534 1014 2593 etiam
1035 2534 1068 2594 in
1089 2533 1196 2594 Plauto
1217 2539 1249 2594 et

115 2637 260 2698 Terentio
288 2642 371 2697 actus
399 2638 548 2716 explicare
572 2643 740 2696 conaretur.
786 2639 851 2710 Quo
880 2640 912 2696 iu
940 2641 1050 2698 conatu
1077 2657 1138 2698 non
1165 2639 1249 2700 nulla

115 2745 189 2802 satis
218 2741 383 2818 prudenter
416 2740 645 2813 animadvertit,
673 2741 756 2799 velut
785 2740 866 2818 quod
893 2739 1060 2800 docuit-
1080 2745 1116 2800 ut
1137 2740 1249 2806 Donati

116 2846 217 2905 verbis
240 2849 309 2904 utar
331 2847 362 2904 in
386 2848 563 2918 argumento
577 2843 701 2919 Hecyra
724 2849 799 2902 extr.
821 2873 859 2882 -
883 2863 962 2915 „non
984 2863 1049 2902 esse
1070 2843 1247 2917 mirandum,

117 2948 198 3026 quod
222 2952 305 3006 aetus
327 2949 457 3025 impares
480 2965 635 3006 scenarum
656 2947 895 3025 paginarumque
917 2947 978 3006 sint
1001 2965 1136 3020 numero,
1157 2967 1249 3024 qaum

83 3067 87 3078 ’
116 3052 181 3111 haec
203 3050 378 3109 distributio
400 3049 432 3107 iu
454 3067 554 3106 rernm
578 3049 793 3127 descriptione,
818 3069 879 3108 non
900 3049 931 3107 in
954 3069 1077 3108 numero
1098 3069 1247 3123 versuum,

117 3155 284 3214 constituta
303 3149 379 3228 sit“;
400 3151 528 3230 ideoque
555 3153 605 3225 „in
626 3151 753 3229 eundem
775 3155 873 3210 actum
894 3171 982 3230 posse
1006 3151 1111 3211 eoniici
1134 3156 1165 3209 et
1186 3157 1248 3211 tres

118 3263 148 3316 et
187 3259 336 3334 quattuor
373 3275 477 3316 scenas
515 3255 732 3314 introeuntium
766 3260 797 3313 et
829 3256 1000 3314 exeuntium
1031 3253 1245 3334 personarum“

120 3357 262 3438 (Adelph.
285 3378 348 3436 arg.
371 3355 473 3433 extr).
517 3358 684 3418 Varronem
711 3357 846 3418 Donatus
877 3362 997 3417 secutus
1033 3378 1097 3418 esse
1129 3358 1250 3418 videtur

117 3465 148 3522 in
170 3461 377 3522 describendis
398 3461 567 3521 fabularum
589 3460 719 3534 actibus,
744 3461 826 3538 quod
848 3479 940 3538 quum
964 3463 996 3519 in
1018 3463 1125 3520 ceteris
1152 3462 1250 3519 miuus

119 3566 241 3625 difficile
258 3566 355 3623 visum
372 3564 460 3638 esset,
478 3565 510 3622 iu
521 3563 667 3623 Eunucho
684 3564 778 3622 maius
795 3566 949 3640 negotium
967 3565 1087 3622 creavit.
1117 3561 1246 3636 ,Actus“

119 3670 217 3748 inquit
243 3667 382 3728 Donatus
414 3667 647 3746 „implicatiores
675 3673 745 3726 sunt
771 3669 803 3726 in
832 3687 867 3726 ea
895 3671 926 3726 et
953 3667 1005 3745 qui
1033 3685 1093 3724 non
1119 3666 1206 3724 facile
1233 3687 1251 3725 a

118 3793 225 3851 parum
259 3771 355 3830 doctis
388 3769 535 3847 distingui
566 3772 699 3849 possint,
728 3769 795 3829 ideo
823 3771 894 3848 qnia
919 3767 1044 3829 tenendi
1071 3771 1250 3848 spectatoris

120 3895 210 3936 causa
230 3875 299 3934 vult
319 3877 410 3952 poeta
436 3877 538 3932 noster
565 3893 667 3934 omnes
693 3875 824 3952 quinque
847 3880 932 3934 actus
954 3873 1038 3933 velut
1060 3892 1151 3932 unum
1173 3871 1248 3946 fieri,

119 4000 156 4039 ne
183 3979 314 4056 respiret
341 3977 473 4054 quodam
495 3977 584 4036 modo
612 3984 703 4054 atque
730 3967 872 4036 distindta
894 3977 1003 4036 alicubi
1025 3977 1250 4036 continuatione

120 4082 342 4143 succedentium
374 4099 474 4140 rernm
508 4085 578 4139 ante
611 4081 706 4139 aulaea
738 4080 858 4139 sublata
889 4079 1066 4139 fastidiosus
1099 4083 1251 4157 spectator

121 4182 295 4264 exsurgat“.
338 4183 418 4243 Num
446 4185 553 4244 clarius
583 4183 641 4243 dici
668 4187 783 4262 potest,
807 4182 940 4242 fabulam
962 4185 993 4241 in
1017 4186 1101 4242 actus
1124 4181 1250 4242 divisam

120 4311 180 4350 non
203 4285 316 4348 fuisse?
352 4287 457 4366 Neque
478 4287 584 4348 ceteris
608 4289 787 4346 examinatis
809 4285 910 4345 Plauti
933 4291 964 4344 et
985 4285 1119 4344 Terentii
1141 4285 1251 4344 fabulis

121 4393 202 4452 aliud
225 4392 405 4451 invenietur.
439 4390 517 4450 Nam
539 4392 564 4449 si
587 4395 707 4450 actuum
727 4391 847 4450 termini
869 4389 912 4448 ibi
934 4388 1053 4448 demum
1072 4391 1165 4466 quaeri
1181 4409 1250 4466 pos·
