2976 5056
241 491 302 551 318
715 483 891 554 Amphitruo.

241 676 417 740 incohatam
440 677 629 737 scribendum
660 697 722 736 esse
750 678 918 738 docuerunt
938 677 1069 756 Wagner
1090 678 1121 736 in
1144 677 1383 757 orthographia

241 783 412 856 Vergiliana
434 799 462 858 p.
482 781 554 853 449,
578 781 698 857 aliique,
721 780 757 838 61.
776 781 822 840 11.
846 780 902 860 Ep.
927 781 994 839 crit.
1018 802 1048 858 p.
1066 780 1102 838 X.
1125 811 1170 821 —
1193 782 1265 840 863.
1285 778 1382 856 6661,

240 881 490 960 6116166666.
516 881 553 940 ad
579 885 648 942 192.
672 913 715 924 -
738 883 809 942 865.
833 883 942 942 1116166
966 889 1034 960 6661
1044 878 1238 943 Alcumenae
1259 887 1292 943 in
1319 905 1380 943 cae-

240 1009 318 1058 sura,
343 991 373 1044 et
396 983 503 1043 deinde
527 989 596 1043 ante
619 985 754 1062 6666161
787 983 962 1044 Fleckeisen
980 1005 1016 1044 ex
1032 985 1196 1044 Hermanni
1219 989 1382 1046 sententia

240 1109 358 1148 versum
387 1088 428 1146 616
457 1087 671 1147 transformare
700 1105 788 1147 ansus
815 1093 875 1144 est:
910 1087 959 1159 ,Si
981 1087 1013 1145 id
1035 1089 1187 1147 innocenti
1217 1087 1382 1163 [inmerito
1473 1120 1474 1176 3

240 1185 428 1263 damnosum]
446 1187 597 1266 expetat“.
620 1189 664 1248 De
681 1209 745 1248 voc.
764 1189 1154 1268 666616161666666491.
1169 1219 1206 1229 —
1222 1193 1294 1250 866.
1308 1191 1380 1250 Nu·

239 1313 389 1352 merorum
407 1291 653 1367 gratiaLindem.
676 1289 805 1364 „meme“
826 1289 990 1364 scribebat3
1008 1291 1110 1349 Herm.
1129 1299 1159 1350 'et
1175 1292 1221 1350 Fl.
1240 1300 1379 1367 ,memet

239 1391 518 1472 Amphitruonem“.
537 1424 580 1433 -
597 1395 668 1452 867.
687 1392 759 1451 Post
777 1387 972 1452 adsimulabo
990 1393 1088 1452 hiatus
1110 1395 1142 1452 in
1165 1413 1286 1454 casura.
1324 1394 1375 1454 Fl.

244 1493 401 1570 ,[116666]
432 1493 512 1553 6666“
539 1494 702 1568 scribebat,
726 1493 838 1554 Miller
863 1493 954 1567 „Esse
975 1494 1162 1554 adsimulabo
1186 1493 1304 1572 [ego]“.
1328 1527 1378 1536 -

241 1600 311 1658 868.
334 1598 413 1658 Δ616
441 1593 533 1656 hodie
559 1596 675 1670 hiatus,
704 1596 784 1656 Cam.
812 1593 895 1669 „hic“
921 1596 1065 1670 addebat,
1094 1597 1141 1656 Fl.
1169 1597 1285 1670 „Hodie
1308 1599 1376 1656 fm-

240 1697 432 1760 strationem“
448 1698 607 1758 scribebat.
630 1699 703 1758 Mox
721 1695 852 1758 iniciam
866 1699 935 1758 olim
948 1699 1149 1758 emendatum.
1161 1731 1206 1740 —
1218 1702 1290 1760 869.
1304 1697 1376 1779 Iys'-
1474 1703 1475 1750 ἶ

241 1805 293 1863 tur
315 1799 448 1876 domum,
471 1801 531 1860 vid.
557 1821 647 1880 supra
670 1803 741 1861 207.
781 1800 827 1860 Ex
850 1799 1015 1860 abundanti
1037 1801 1066 1860 h.
1089 1803 1109 1860 l.
1134 1800 1257 1860 additur
1272 1805 1375 1878 ‚eiiam

232 1907 320 1984 6661.
343 1935 386 1946 -
407 1900 535 1982 sanam,
553 1901 620 1980 fiat,
640 1905 748 1962 omisso
766 1904 810 1978 ni,
828 1903 887 1962 vid.
907 1903 945 1962 ad
962 1923 990 1961 v.
1012 1905 1060 1962 12.
1078 1933 1121 1944 -
1138 1906 1197 1963 871
1218 1925 1262 1982 sq.
1288 1902 1377 1982 quod
1409 1973 1414 1984 ³

238 2003 374 2087 grauida
396 2007 458 2080 est,
487 2027 544 2085 pro
568 2019 642 2081 quc,
665 2025 693 2064 v.
718 2008 790 2064 713.
835 2007 1029 2064 Accusativus
1051 2005 1080 2064 h.
1104 2005 1124 2064 l.
1149 2025 1184 2064 6ο
1208 2009 1302 2084 magis
1325 2013 1376 2065 est

239 2111 440 2182 necessarius,
463 2109 603 2187 qnoniam
626 2112 794 2185 sequuntur
816 2106 939 2166 ablativi
961 2109 1024 2166 sins
1043 2109 1275 2185 praepositione,
1301 2107 1373 2168 uiro

241 2218 271 2270 et
285 2227 345 2286 nte,
367 2231 428 2270 non
449 2230 504 2283 „ex
520 2207 619 2282 nirc“,
647 2229 701 2284 ,ex
723 2207 801 2268 me“.
819 2239 863 2250 -
880 2204 1051 2284 8711666,
1074 2211 1255 2283 Alcmenam,
1280 2232 1373 2288 qnam
1475 2209 1476 2270 l

240 2319 398 2374 exeuntem
420 2311 511 2371 videt.

327 2418 398 2475 875.
423 2409 560 2488 Durare,
585 2415 722 2474 ethna.
742 2414 901 2486 898611.
924 2417 1014 2473 1241.
1038 2414 1130 2474 Mera.
1152 2416 1223 2473 635.
1248 2415 1370 2474 Trucul.

242 2522 312 2578 325.
341 2517 408 2577 Ter.
431 2516 559 2594 Adelph.
586 2519 661 2574 554:
700 2515 785 2589 ,Non
814 2515 911 2574 hercle
942 2517 990 2575 hic
1013 2517 1132 2595 quidem
1156 2516 1266 2576 durare
1289 2519 1371 2597 quis-

239 2639 342 2697 quam,
372 2621 398 2676 si
427 2619 468 2676 616
496 2618 545 2692 111,
574 2615 704 2694 potest“.
734 2647 777 2658 -
806 2620 877 2676 877.
901 2614 1054 2693 infectare
1083 2621 1138 2678 esi.
1163 2621 1198 2678 ui
1227 2615 1372 2680 clamitat

239 2721 305 2780 eod.
321 2720 505 2796 Bcorrupte.
520 2719 633 2778 Camer.
648 2740 741 2779 corr:
769 2720 895 2794 ,iniecta
906 2722 999 2779 refert
1011 2741 1045 2780 ac
1057 2719 1222 2780 clamitat“.
1258 2723 1369 2783 Linde·
1476 2711 1477 2778 l

239 2843 349 2894 mann,
368 2841 454 2898 quem
467 2821 512 2880 Fl.
531 2825 677 2899 sequitur,
706 2823 835 2896 „iniecta
852 2843 884 2881 re
901 2843 965 2882 esse
982 2821 1182 2895 occlamitat“,
1206 2826 1237 2881 in
1261 2825 1370 2902 quibus

238 2925 427 2982 Hermannus
457 2943 547 3000 quum
576 2926 838 2984 animadvertisset
864 2923 932 2998 „re“
958 2945 1082 3003 pravum
1107 2945 1185 2998 esse,
1208 2927 1276 3003 ipse
1299 2947 1369 2986 con·

239 3029 323 3085 iecit:
363 3025 426 3098 „Ea
458 3043 523 3102 quse
557 3032 627 3084 6661
656 3026 735 3085 16616
764 3047 810 3100 66,
838 3029 949 3086 1616616
977 3047 1040 3085 6666
1069 3025 1172 3086 occl.“.
1218 3027 1369 3104 Equidem

238 3131 346 3208 scripsi
368 3125 487 3204 infecto
510 3125 709 3202 6666166161,
734 3125 882 3188 clamitat.
922 3124 1050 3188 Instare
1071 3130 1127 3187 hac
1150 3129 1368 3208 significatione

239 3236 412 3290 constanter
447 3229 613 3289 affirmandi
643 3231 763 3290 Terent.
792 3231 885 3289 Andr.
918 3234 992 3290 147;
1038 3229 1120 3308 „Ego
1153 3231 1229 3290 illud
1263 3233 1369 3292 sedulo

238 3353 347 3408 negare
370 3335 490 3392 iactum.
535 3333 590 3391 Ille
613 3337 706 3392 instet
727 3331 868 3392 factum“.
916 3333 964 3392 Ad
987 3353 1074 3411 quem
1097 3333 1194 3392 locum
1216 3322 1367 3394 Donntnb:

242 3435 400 3508 „Plautum
430 3439 542 3496 instare
570 3436 682 3495 fectum
704 3433 826 3494 Simia“.
872 3435 1046 3512 Asyndeton
1078 3435 1189 3508 „instat
1212 3435 1365 3496 clamitat“

236 3542 359 3598 tuentur
380 3539 439 3597 loci
463 3538 501 3596 ad
524 3559 550 3596 v.
578 3540 614 3596 13
639 3538 731 3596 allati.
757 3567 797 3578 —-
820 3540 891 3596 878.
916 3533 1022 3615 arynii
1041 3559 1080 3596 sc.
1105 3559 1152 3596 me
1173 3538 1296 3612 lenisse,
1321 3540 1370 3596 vel

237 3659 339 3699 eorum
362 3661 408 3698 me
432 3642 540 3715 arguit,
564 3647 599 3698 ut
616 3659 644 3698 v.
666 3641 738 3698 890.
761 3667 805 3679 -·
828 3641 899 3699 879.
923 3655 1039 3716 samque
1061 3637 1159 3715 deque
1181 3635 1294 3700 habere
1316 3649 1368 3700 aut

236 3737 321 3816 serre
343 3741 456 3801 Gellius
476 3742 560 3813 XVI,
586 3743 603 3800 9
627 3739 793 3814 significare
816 3745 860 3801 611
885 3763 997 3820 „aequo
1021 3744 1121 3800 enimc
1144 3761 1208 3800 6666
1232 3747 1264 3800 61
1287 3743 1367 3820 quod

237 3845 346 3902 accidit
373 3865 433 3902 non
462 3845 562 3918 magni
590 3841 721 3920 pendere
754 3849 845 3922 atque
875 3845 1024 3904 interdum
1053 3845 1211 3921 neglegere
1239 3851 1270 3903 et
1299 3865 1366 3904 oon·

236 3951 398 4022 tempnere,
424 3951 454 4004 61
475 3946 693 4023 propemodum
716 3946 747 4004 id
769 3948 865 4020 valet,
890 3947 971 4024 quod
994 3945 1105 4005 dicitur
1126 3945 1228 4006 Graece
1251 3947 1366 4018 ἀδιαφο-

237 4045 323 4126 prist.
358 4047 431 4104 Tum
450 4047 580 4121 Laberii,
601 4048 751 4122 Varronis,
770 4048 878 4108 Lucilii
896 4049 976 4107 locos
999 4047 1093 4107 affert.
1128 4047 1237 4106 Festus
1253 4070 1284 4127 p.
1304 4051 1365 4108 296

235 4151 453 4225 interpretetur
479 4150 564 4227 „plns
587 4149 750 4210 minusve“.
769 4181 818 4240 -χ
831 4153 902 4210 882.
926 4145 1100 4210 Antiatis
1121 4146 1222 4230 saciat
1244 4147 1291 4210 im
1312 4145 1366 4210 illc

236 4252 317 4326 aiq.;
352 4256 414 4309 tres
447 4254 536 4328 primi
573 4252 665 4330 pedes
693 4260 764 4312 sunt
797 4253 946 4330 dactylus,
981 4259 1163 4330 anapaestus,
1196 4254 1364 4330 spondaeus.

235 4352 372 4412 Lindem.
407 4360 438 4412 61
465 4354 511 4412 Fl.
541 4355 642 4412 deleto
675 4351 755 4414 milti
788 4356 833 4414 ed.
867 4356 947 4428 ,Aut
979 4355 1072 4413 faciat
1106 4357 1178 4413 66116
1211 4354 1295 4414 ille“.
1323 4385 1364 4398 -
