2956 5018
233 457 295 520 106
749 453 844 508 Plauti

707 640 886 709 Libanus

229 748 361 834 Inpnre‚
383 747 486 833 rihni,
508 773 575 818 non
595 750 691 818 uides
712 751 833 817 irasci?

708 859 887 926 Leonida

848 969 952 1054 Perge
974 991 1084 1053 porro.

706 1075 885 1142 Libanus

228 1181 408 1266 Flagitium
429 1181 583 1265 hominis,
607 1183 651 1249 da
672 1184 811 1250 obsecro
833 1189 1006 1269 argentum
1025 1184 1117 1266 huic,
1140 1207 1182 1252 ne
1204 1187 1291 1254 male
1312 1189 1364 1255 lo·

950 1299 1081 1378 quatur,
1309 1297 1365 1350 470

694 1399 896 1466 Mercator

228 1506 354 1574 Malum
373 1506 485 1574 hercle
506 1506 603 1574 uobis
624 1509 793 1590 qnaeritis.

704 1614 887 1683 Leonida

807 1722 913 1790 Onna
934 1723 1047 1790 hercle
1069 1723 1305 1811 defringenda,

228 1832 271 1899 Ni
292 1833 393 1898 iatum
413 1831 603 1916 inpudicum
625 1832 763 1916 perciea.

705 1940 884 2008 Libanus

769 2045 855 2115 Persi
877 2047 1004 2130 hercle;
1028 2069 1089 2133 age
1110 2049 1276 2134 inpudice,

230 2159 386 2240 Scelesta,
409 2178 476 2223 non
498 2157 600 2224 andes
621 2155 701 2222 mihi
723 2156 862 2223 eoeleste
886 2158 1086 2224 subuenire?

704 2264 886 2331 Leonida

228 2374 349 2459 PergIn
369 2375 499 2459 precari
522 2372 697 2458 pessumo?

693 2479 896 2547 Mercator

705 2590 797 2668 Quae
818 2589 893 2655 ren?
915 2589 988 2656 Tun
1009 2589 1115 2656 libero
1136 2589 1261 2658 homini

227 2697 315 2764 Male
338 2718 452 2764 seruos
473 2697 629 2781 loquere?

703 2803 885 2870 Leonida

640 2910 780 2996 Uapuln.

692 3020 898 3087 Mercator

786 3129 825 3195 Id
845 3130 908 3196 tibi
929 3129 1062 3215 quidem
1082 3130 1195 3196 hercle
1217 3131 1283 3213 fiat
1306 3141 1359 3196 4⁷5

227 3239 274 3307 Ut
294 3239 441 3324 copules,
462 3239 700 3304 Demaenetum
722 3236 881 3304 simulac
903 3258 1104 3323 conspexero
1126 3238 1233 3306 hodie.

229 3347 282 3432 [In
303 3348 355 3414 ius
376 3367 460 3414 uoco
481 3353 525 3412 te.

704 3451 884 3520 Leonida

536 3562 611 3628 Non
633 3581 682 3628 eo.

693 3669 896 3736 Mercator

688 3777 763 3843 Non
784 3778 835 3844 ia?
856 3784 1030 3844 memento.

702 3885 884 3952 Leonida

1049 3972 1192 4038 Memini.

691 4079 896 4147 Mercator

226 4190 369 4256 Dabitur
391 4187 447 4272 pol
469 4188 665 4272 supplicium
685 4187 767 4254 mihi
789 4187 830 4256 de
852 4194 945 4274 tergo
967 4193 1092 4255 nostro.

226 4296 433 4310 μ-

295 4335 345 4388 471
364 4332 561 4404 diffiingantnr
627 4336 681 4389 474
696 4335 811 4390 homine
878 4337 931 4391 475
947 4334 1025 4391 Malo
1071 4334 1122 4391 flet
1189 4336 1242 4391 477
1259 4332 1356 4392 Nonne
