2956 5018
268 508 329 570 166
356 497 369 591 Ἰ
724 503 933 572 Prolegomeua

352 698 494 758 Varronis
511 698 631 775 quidem
649 702 681 758 et
692 699 845 758 Ciceronis
861 701 996 776 tempore
1011 697 1075 757 haec
1096 697 1267 758 fabularum
1290 696 1410 756 divisio

266 803 355 880 vulgo
379 807 501 880 recepta
522 807 596 876 erat,
620 807 651 860 et
672 801 898 861 similitudinem
915 800 984 860 iude
1002 800 1122 860 ductam
1144 802 1237 860 etiam
1262 801 1306 859 ad
1331 799 1411 858 alias

266 926 315 966 res
337 905 501 965 transferre
523 905 666 978 solebant,
689 906 772 964 velut
795 904 897 964 (licere
920 903 984 965 Get.
1006 905 1074 962 mai.
1099 906 1127 977 2,
1152 906 1187 964 5:
1213 908 1411 978 „extremm

267 1013 367 1068 actum
382 1013 535 1085 tamquam
551 1007 588 1067 ab
606 1009 695 1068 inerti
710 1012 800 1085 poeta
822 1025 886 1066 esse
907 1003 1106 1084 neglectum“.
1139 1009 1188 1082 19,
1202 1009 1259 1066 70:
1282 1025 1410 1082 „neque

268 1113 345 1170 euim
368 1112 522 1185 histrioni,
545 1115 581 1170 ut
600 1112 732 1190 placeat,
755 1110 926 1189 peragenda
952 1111 1055 1170 fabula
1075 1115 1133 1184 est,
1156 1109 1244 1169 modo
1269 1112 1304 1168 iu
1328 1127 1408 1186 quo-

268 1233 394 1292 cumque
425 1213 518 1273 fuerit
545 1219 615 1274 actu
642 1213 801 1292 probetur,
830 1233 885 1273 nec
912 1215 1040 1292 sapienti
1067 1233 1163 1291 usque
1190 1213 1230 1271 ad
1257 1211 1409 1271 Plaudite

267 1316 445 1378 veniendum
468 1313 544 1376 est“.
579 1316 629 1376 Or.
647 1337 678 1396 p.
690 1317 835 1376 Marcello
854 1319 882 1390 9,
896 1318 951 1375 27:
979 1316 1067 1390 „Hac
1088 1316 1182 1392 igitur
1202 1315 1259 1374 tibi
1282 1315 1408 1392 reliqua

267 1441 338 1499 pars
366 1426 426 1494 est;
455 1420 502 1478 bic
530 1424 626 1480 restat
652 1423 751 1494 sotus3
783 1421 816 1478 in
848 1419 905 1479 hoc
937 1417 1149 1478 elaborandum
1181 1423 1240 1492 est,
1270 1423 1307 1478 ut
1338 1436 1406 1476 rem
1467 1503 1468 1510 ἵ

267 1523 418 1602 publicam
440 1520 635 1583 constituas“.
672 1522 802 1582 Lucceio
826 1527 925 1582 autem
947 1541 1039 1600 quum
1060 1521 1241 1600 persuadere
1264 1524 1405 1600 cuperet,

267 1631 303 1688 ut
325 1626 497 1686 consulatus
519 1627 565 1685 sui
587 1626 743 1686 historiam
771 1627 933 1703 separatim
960 1625 1117 1699 scriberet,
1140 1626 1197 1704 Ep.
1220 1625 1256 1699 V,
1283 1627 1342 1698 12,
1370 1624 1403 1680 ὃς
1467 1687 1468 1720 3

271 1727 451 1803 „Secemas“
486 1731 586 1806 inquit
621 1729 714 1802 „hauc
747 1728 834 1806 quasi
865 1727 998 1787 fabulam
1032 1748 1133 1790 rerum
1162 1733 1404 1804 eventorumque
1467 1803 1468 1814 ἵ

267 1838 449 1906 nostrorum,
472 1833 564 1892 babet
585 1835 664 1892 enim
686 1831 785 1892 varios
800 1835 886 1891 actus
903 1833 1141 1910 mutationesque
1157 1838 1188 1892 et
1205 1831 1403 1891 consiliorum

268 1942 299 1997 et
319 1933 518 2015 temporum“.
557 1935 641 1994 Verr.
664 1935 708 2008 Π,
733 1934 767 2008 6,
794 1937 847 1994 18:
875 1935 1012 2010 „Etenim
1034 1937 1102 2013 quis
1124 1935 1263 1996 dubitare
1284 1937 1401 2012 posset,
1467 1927 1468 1992 ἶ

269 2061 361 2126 quum
382 2041 469 2100 istius
491 2041 523 2097 in
545 2043 698 2116 quaerum
720 2038 821 2114 fugam
844 2042 875 2098 et
901 2039 1015 2098 furtum
1040 2041 1281 2116 recognosceret,
1305 2049 1401 2115 quum

267 2146 300 2202 in
321 2143 470 2221 legatione
492 2141 671 2219 oppidorum
692 2141 890 2220 fanorumque
911 2143 1103 2221 spoliationes
1126 2143 1283 2218 cogitaret,
1306 2157 1402 2219 quum

268 2247 387 2307 videret
401 2246 444 2304 ,iu
470 2245 535 2304 loro
562 2245 721 2304 latrocinia
745 2249 899 2324 praetura,
929 2245 1026 2323 qualis
1052 2246 1111 2304 iste
1137 2247 1169 2303 in
1196 2249 1307 2322 quarto
1330 2247 1401 2303 actu

268 2349 473 2428 improbitatis
494 2348 615 2408 futurus
637 2345 745 2406 esset“.
786 2347 843 2426 Ep.
867 2348 906 2406 ad
924 2349 1067 2422 Quintum
1084 2348 1109 2422 1,
1134 2349 1162 2422 1,
1188 2349 1236 2421 16,
1260 2348 1319 2407 46:
1347 2348 1402 2419 „ut
1467 2383 1468 2412 1

268 2454 317 2512 bic
338 2452 446 2511 tertius
468 2470 563 2510 annus
585 2451 704 2530 imperii
725 2453 772 2511 tui
793 2457 945 2530 tamquam
972 2453 1079 2510 tertius
1107 2455 1190 2511 actus
1215 2449 1400 2529 perfectissi-

268 2575 334 2616 mus
357 2560 446 2633 atque
468 2554 673 2614 ornatissimus
701 2554 792 2614 luisse
818 2550 987 2614 videatur“.
1031 2553 1128 2614 Varro
1152 2558 1253 2613 autem
1273 2555 1308 2612 in
1329 2571 1400 2632 par·

269 2659 351 2718 tibus
379 2660 442 2718 sive
470 2657 619 2734 capitibus
647 2656 885 2736 disputationum
914 2655 1116 2733 significandis
1143 2657 1248 2716 eadem
1270 2656 1400 2734 imagine

269 2763 377 2821 utitur.
422 2760 471 2820 Sic
499 2779 590 2839 quum
611 2761 762 2839 inprime
784 2761 822 2821 de
842 2779 876 2819 re
898 2761 1011 2820 rustica
1032 2759 1111 2820 libro
1136 2755 1214 2837 (cap.
1239 2757 1272 2835 5)
1297 2757 1400 2820 Scrofa

270 2869 413 2940 quattuor
441 2863 631 2938 agricultura
661 2868 763 2940 partes
794 2863 927 2937 scema,
955 2867 1064 2941 postea
1092 2857 1169 2941 (cap.
1194 2859 1249 2936 26)
1277 2862 1397 2938 Agrius,

270 2968 319 3028 cui
340 2967 459 3042 longior
480 2967 575 3026 oratio
599 2966 759 3025 videbatur
784 2963 931 3039 „Vereor“
956 2967 1056 3043 inquit
1081 2985 1137 3040 „ne
1158 2969 1229 3024 ante
1252 2965 1399 3024 aditimus

270 3071 373 3130 veniat
398 3070 471 3143 huc,
502 3088 592 3147 quam
620 3069 668 3128 bic
696 3069 734 3128 ad
762 3073 903 3146 quartum
925 3065 1055 3128 actum“.
1099 3067 1177 3126 lbid.
1199 3067 1244 3142 11,
1272 3069 1310 3127 10
1333 3069 1396 3126 init.

274 3172 450 3250 „Reliquum
479 3173 557 3230 euim
583 3173 615 3230 in
637 3172 693 3230 boc
715 3175 797 3246 actu,
821 3178 896 3248 quot
917 3177 949 3231 et
971 3172 1051 3250 quod
1073 3189 1166 3246 genus
1187 3170 1249 3229 sint
1270 3169 1399 3230 habendi

269 3272 439 3354 pastores“.
484 3275 543 3348 ΠΙ,
570 3276 606 3333 11
632 3279 706 3332 ex'tr.
734 3273 837 3346 „Quod
861 3275 899 3332 ad
920 3275 1121 3334 villaticarum
1141 3275 1317 3352 pastionum
1338 3273 1397 3350 pri·

269 3397 351 3438 mum
373 3383 473 3437 actum
494 3379 646 3454 pertinere
668 3396 734 3436 sum
755 3383 847 3452 ratus,
871 3373 964 3436 dixi“.

356 3480 522 3560 Scripserat
542 3479 584 3540 M.
609 3480 706 3539 Varro
733 3481 771 3540 de
799 3480 969 3541 actionibus
997 3479 1119 3539 scenicis
1140 3478 1248 3552 libros,
1273 3497 1397 3555 querum

271 3586 408 3664 quintum
429 3584 533 3643 laudat
555 3585 705 3644 Charisius
726 3604 756 3661 p.
781 3585 819 3643 95
843 3583 896 3657 Κ.,
925 3589 987 3642 tres
1014 3583 1095 3643 solos
1115 3581 1292 3658 Hieronymi
1320 3587 1397 3640 cata·

270 3689 354 3766 logus
377 3689 519 3766 agnoscit.
549 3688 597 3746 Ibi
619 3689 698 3747 euim
720 3687 762 3744 sic
783 3688 907 3763 legitur:
934 3687 989 3760 „de
1012 3687 1179 3747 actionibus
1198 3686 1324 3744 scenicis
1340 3685 1396 3756 1113

272 3993 402 4070 actibus,
426 3997 508 4074 quod
523 3996 687 4058 Ritsobelio
709 3996 832 4075 placuit.
867 3995 953 4067 Quod
974 3998 1000 4054 si
1017 3996 1113 4056 Varro
1135 4017 1169 4055 re
1190 4015 1263 4056 vera
1283 3999 1396 4056 tantum

272 4121 346 4178 opus
374 4100 411 4159 de
438 4105 500 4159 tam
529 4102 637 4175 exigua
663 4120 697 4158 re
724 4101 890 4179 scripserit,
915 4100 991 4173 hoec,
1014 4099 1073 4158 nisi
1093 4098 1198 4174 fallor,
1222 4118 1313 4158 causa
1334 4101 1394 4171 fuit,

272 4203 354 4282 quod
374 4221 434 4262 non
456 4204 528 4262 satis
550 4203 656 4262 habuit
677 4205 773 4280 legem
794 4203 878 4262 illem
900 4205 1114 4282 pronuntiare,
1137 4207 1173 4261 ut
1193 4207 1395 4279 argumentum

272 4307 380 4366 fabulae
409 4307 539 4383 quinque
568 4307 683 4365 actibus
709 4306 920 4383 explicaretur,
944 4306 1108 4364 sedetiam
1131 4305 1411 4388 antiquospoesss,

273 4429 340 4466 eam
372 4412 491 4466 secutos
524 4429 587 4466 esse
621 4407 784 4466 arbitratus
817 4414 879 4481 est,
912 4409 1089 4485 fabulasque
1123 4427 1224 4467 eorum
1264 4411 1395 4486 quamvis

271 3790 309 3850 de
332 3793 404 3850 actis
422 3792 543 3851 scenicis
560 3789 634 3849 111².
669 3791 783 3850 Horum
803 3790 952 3868 posterius
975 3793 1028 3849 aut
1049 3791 1135 3849 malae
1158 3787 1396 3849 antecedentium

271 3895 445 3971 repetitioni
468 3890 704 3972 (dittograpbiae)
727 3892 861 3966 debetur,
887 3897 939 3952 aut
960 3912 1016 3969 pro
1039 3889 1120 3954 acts
1141 3891 1334 3954 seribendum
1354 3894 1397 3950 est
1467 3895 1468 3919 ¹
