2976 5056
610 490 642 546 V·
660 493 771 548 Η
1022 527 1049 562 κ
1195 498 1258 561 357

980 572 1010 606 s

105 686 241 748 litteras
268 687 433 765 inspicere,
467 704 528 746 nou
555 683 758 764 perdiscere“.
802 685 879 746 Bell.
902 655 1029 764 Hispan.
1054 687 1110 746 36:
1148 687 1259 765 „legati

107 788 313 850 Carteienses
340 789 602 862 renuntiaverunt,
633 789 714 868 quod
735 789 909 867 Pompeium
936 791 968 848 in
995 793 1146 867 potestate
1168 789 1259 850 habe·

108 890 220 952 reut“.
267 891 350 952 Suet.
374 891 434 950 Tit.
460 893 495 950 8:
532 893 726 964 „recordatus
749 891 900 970 quondam
923 913 1013 970 snper
1036 911 1153 966 cenam,
1178 891 1259 970 quod
1353 907 1358 916 '

110 996 201 1054 nihil
225 996 365 1072 cuiquam
387 998 453 1054 toto
477 993 526 1052 die
547 991 772 1070 praestitisseff.
808 995 899 1073 Apul.
922 994 996 1055 Met.
1019 994 1073 1069 111,
1100 997 1154 1054 14:
1181 996 1260 1068 „Ad-

111 1097 198 1170 iuro‚
217 1097 295 1156 nulli
316 1117 363 1156 me
380 1117 468 1176 posse
485 1096 615 1170 credere,
635 1096 716 1174 qnod
731 1102 765 1156 tu
783 1099 941 1175 quicquam
958 1099 989 1156 in
1006 1119 1102 1156 meam
1120 1098 1260 1175 cogitaris

115 1197 319 1279 perniciem“.
353 1199 490 1258 Imitatus
509 1203 555 1258 cst
573 1204 678 1258 auctor
694 1199 817 1272 Queroli
833 1221 863 1278 p.
884 1201 933 1274 28,
953 1202 993 1260 27
1011 1200 1134 1280 Peiporz
1163 1199 1260 1278 ,Ego-

117 1308 186 1362 met
204 1301 368 1375 audieram,
386 1300 468 1378 quod
486 1303 547 1379 ipsi
565 1302 664 1360 omnia
681 1301 913 1377 gubernat-suff.
948 1303 1093 1376 Sanctius,
1112 1302 1261 1383 probante

121 1403 289 1476 Gronovio,
313 1419 407 1480 quam
429 1404 570 1463 substitui
593 1405 723 1478 volebat,
746 1404 827 1483 quod
850 1411 881 1466 st
902 1407 1041 1466 licentius
1064 1406 1159 1480 lieret,
1182 1425 1260 1484 prae·

125 1507 234 1566 sertim
264 1525 355 1584 quum
382 1505 431 1566 hic
459 1525 564 1566 versus
585 1507 632 1566 bis
654 1507 760 1567 eodem
782 1507 871 1568 modo
894 1508 1058 1582 scribatur,
1082 1528 1136 1568 nec
1159 1514 1261 1587 aptam

124 1614 180 1670 aut
201 1608 303 1668 Plauti
334 1609 460 1668 similem
490 1611 658 1670 orationem
686 1610 827 1670 efficeret.
856 1641 899 1652 -
930 1612 980 1669 53.
1008 1606 1112 1670 tractas
1140 1612 1200 1668 iam
1227 1611 1258 1669 in

126 1712 194 1772 cod.
212 1711 238 1770 B
258 1710 458 1772 emendatum.
496 1707 646 1786 „Rectam
667 1709 773 1774 instas
794 1709 914 1786 uiam“,·
933 1715 953 1772 i.
973 1733 998 1771 e.
1021 1713 1143 1785 insistis,
1161 1713 1260 1787 ingre·

124 1814 217 1887 deris,
236 1813 273 1872 cf.
285 1812 372 1892 (lapi.
385 1815 463 1872 787:
485 1817 547 1887 „ita
563 1834 665 1874 omnes
680 1817 793 1876 itinera
805 1817 946 1875 insistant
958 1812 1041 1875 sua“.
1054 1845 1098 1856 -
1111 1818 1159 1875 55.
1176 1809 1262 1892 Quid

125 1911 266 1978 moslisi.
301 1915 383 1974 Brix.
401 1916 509 1976 Annal.
528 1916 601 1996 phil.
621 1916 667 1990 cl,
685 1937 715 1995 p.
729 1920 790 1978 762
814 1913 915 1978 morbi
937 1917 1126 1978 scribendum
1149 1923 1258 1976 censat.

125 2051 170 2062 —
194 2014 293 2096 Quia,
314 2020 336 2078 i.
360 2039 385 2078 e.
409 2020 499 2096 qnod,
523 2020 560 2078 cf.
584 2020 652 2078 Aul.
675 2022 752 2080 410:
780 2021 882 2094 „Istud
905 2021 1095 2081 malefactum
1117 2020 1259 2094 arbitror,

129 2125 199 2200 quia
221 2142 282 2182 non
304 2120 383 2180 latus
406 2119 499 2182 lodi“.
532 2122 597 2182 Mil.
620 2123 716 2182 1202:
746 2103 839 2196 „istuc
857 2122 931 2182 mihi
949 2123 1088 2182 acerbum
1111 2127 1165 2196 est,
1190 2123 1262 2198 quia

127 2244 178 2284 ero
200 2230 232 2284 te
256 2223 415 2283 carendum
441 2230 487 2284 est
509 2223 664 2302 optumo“.
695 2225 777 2284 Trin.
792 2225 863 2284 291.
888 2225 985 2285 Casio.
1000 2227 1076 2284 355:
1104 2225 1260 2301 „Iniquom

127 2333 172 2386 est
200 2324 302 2404 qnia“.
347 2327 430 2385 Asin.
456 2327 534 2386 825:
568 2335 675 2402 „aegre
703 2329 805 2406 patiar
828 2325 928 2405 quie“.
973 2325 1064 2387 Stich.
1090 2329 1168 2388 506:
1201 2326 1261 2401 „Ut

127 2431 200 2490 mihi
222 2428 316 2507 volup
340 2433 386 2488 est
408 2426 510 2506 quio“.
555 2429 645 2488 Most.
669 2431 725 2489 49:
754 2429 906 2502 „inuidere
929 2431 1001 2490 mihi
1023 2430 1080 2490 hoc
1099 2474 1164 2503 ...,
1190 2431 1261 2508 quia

127 2532 201 2592 mihi
223 2533 301 2591 bene
324 2535 370 2591 est
392 2536 424 2590 et
445 2531 502 2590 tibi
524 2532 603 2592 male
631 2529 707 2592 ast“.
753 2532 1001 2610 Pratarea'post
1028 2532 1138 2611 pudet,
1167 2533 1260 2610 piget,

125 2638 271 2714 paenitet,
296 2637 392 2694 iratus
415 2653 491 2707 sum,
514 2655 542 2693 v.
563 2635 648 2712 Capi.
674 2637 745 2695 203.
770 2635 841 2695 Cist.
858 2636 928 2696 103.
951 2635 1040 2714 Epid.
1056 2637 1126 2696 108.
1150 2635 1261 2694 Pseud.

128 2741 201 2799 280.
233 2726 306 2798 282.
337 2737 375 2796 al.
408 2765 453 2776 -
483 2751 549 2797 nou
574 2739 761 2814 suppetunt,
795 2740 814 2796 i.
839 2759 864 2798 e.
898 2759 960 2798 non
993 2739 1179 2815 respondent
1211 2742 1264 2797 eut

125 2847 255 2919 uquant,
279 2840 316 2900 ci.
339 2839 450 2900 Pseud.
473 2842 548 2901 108:
576 2839 717 2913 „Utinam
740 2861 817 2918 quae
840 2841 915 2900 dicis
939 2842 1026 2901 dictis
1049 2842 1131 2900 iacta
1153 2861 1261 2918 suppe-

126 2941 227 3004 tant!“
248 2973 293 2984 -
311 2943 361 3002 57.
379 2944 496 3020 noster,
508 2945 528 3002 i.
542 2965 567 3002 e.
581 2963 619 3002 ex
629 2945 749 3018 nostris,
763 2963 800 3002 ex
811 2945 865 3003 hac
877 2945 1000 3004 familie.
1015 2945 1052 3004 cf.
1064 2946 1174 3022 Amph.
1189 2947 1261 3003 395.

125 3077 169 3088 -
194 3048 245 3106 58.
270 3045 300 3105 et
320 3045 365 3104 1⁴¹1.
391 3045 510 3105 delebat
531 3045 704 3118 Hermanno
727 3050 850 3105 auctore
875 3044 981 3120 (Elem.
1005 3065 1034 3123 p.
1062 3043 1147 3120 132).
1186 3047 1264 3107 Utut

127 3155 178 3210 ant
199 3147 362 3224 legendum
385 3153 438 3208 aut
456 3147 673 3208 emendandum
691 3153 746 3224 ost,
769 3165 789 3209 a
806 3151 1051 3228 praepositionem
1069 3151 1181 3227 corripi
1200 3169 1261 3208 non

128 3252 234 3325 credo,
265 3251 301 3310 cf.
324 3250 446 3311 Miillar.
469 3272 499 3330 p.
525 3253 596 3312 381.
624 3282 668 3292 -
699 3253 748 3311 59.
776 3248 821 3312 sit
846 3271 949 3310 versus
977 3272 1065 3311 causa
1091 3251 1260 3327 legendum,

127 3375 155 3414 v.
186 3354 226 3414 ad
248 3353 357 3432 Amph.
383 3355 454 3413 9⁷1.
505 3353 594 3413 Both.
625 3360 656 3414 et
682 3355 728 3414 Fl.
758 3354 911 3413 malebant
943 3351 1007 3414 scis
1040 3354 1171 3412 scribere
1204 3375 1262 3433 pro

130 3455 276 3532 „nescis“.
307 3487 345 3498 -
377 3458 426 3516 60.
455 3471 514 3517 taos
543 3459 646 3518 tumen
678 3453 715 3518 in
741 3453 845 3534 pretio
872 3473 996 3530 sumus,
1025 3458 1045 3515 i.
1070 3477 1094 3514 e.
1126 3455 1178 3514 sed
1207 3476 1261 3516 nos

17 3619 19 3640 ,
128 3581 248 3639 quoque
269 3561 460 3639 aliquatenus
490 3561 593 3620 uxoris
622 3566 682 3620 tua
704 3561 858 3636 ingenium
880 3561 1041 3633 sentimus,
1063 3579 1119 3619 nos
1142 3578 1262 3637 quoque

17 3645 19 3678 ²
129 3662 343 3722 adnumerandi
370 3683 486 3737 sumus,
518 3663 554 3722 cf.
578 3663 659 3724 Poen.
685 3665 745 3722 327
769 3682 829 3740 sq.:
868 3662 1019 3735 „Primum
1051 3665 1149 3739 prima
1179 3663 1263 3721 salua

19 3815 21 3836 ,
129 3768 183 3839 sis,
208 3764 249 3824 Et
271 3765 402 3825 secunda
423 3772 459 3825 tu
481 3765 611 3825 secundo
640 3765 721 3825 salue
749 3767 781 3824 in
808 3767 920 3843 protio;
949 3767 1040 3825 tertia
1062 3765 1149 3824 Salus
1178 3769 1263 3824 extra

129 3865 290 3946 pretium“.
326 3867 477 3947 Sedigitus
501 3867 581 3947 apud
600 3867 677 3927 Gall.
696 3867 761 3942 XV,
787 3870 842 3928 24:
870 3867 1020 3942 „Naevius
1112 3869 1210 3945 pretio
1231 3868 1263 3927 in

129 3967 281 4032 tertiost“.
305 3953 466 4030 'Gertzius
496 3990 587 4048 quum
615 3969 729 4030 ordinis
757 3971 890 4048 aliquam
912 3963 1123 4031 indicationem
1146 3970 1262 4030 deside·

131 4079 226 4147 must,
254 4077 342 4152 „post
364 4079 466 4133 tamen
491 4075 522 4132 in
550 4076 648 4152 pretio
677 4071 796 4134 snmus“
827 4073 1016 4134 scribendum
1045 4073 1196 4133 censebat.
1220 4103 1264 4116 -

133 4177 179 4236 62.
204 4171 369 4238 Posterius
396 4182 467 4251 etc,
496 4179 516 4236 i.
542 4197 567 4235 a.
596 4175 653 4235 hoc
680 4181 879 4253 ente,‘quam
902 4177 992 4250 diois,
1016 4177 1073 4236 tibi
1098 4175 1196 4236 credo.
1223 4205 1263 4216 =-

134 4281 179 4340 64.
204 4275 411 4358 obsequellam
437 4299 497 4340 non
525 4279 622 4340 solnm
655 4277 742 4338 codd.
777 4279 904 4354 habent,
940 4279 992 4340 sed
1026 4281 1114 4339 etiam
1146 4278 1263 4338 Nonius

133 4403 159 4460 p.
184 4385 244 4444 215
272 4384 352 4442 huno
379 4403 497 4443 versum
525 4381 666 4456 laudane3
701 4381 754 4440 sod
787 4403 890 4441 versus
919 4403 980 4441 non
1010 4383 1139 4459 patitur,
1169 4401 1262 4459 quare
