2960 5038
552 498 766 570 Pteleum
1163 501 1225 564 19⁷

84 693 186 770 lingis
211 695 312 756 dubia
333 715 383 754 res
403 694 500 755 videri
520 699 637 774 potest,
659 695 713 754 nbi
734 699 806 774 post
827 712 931 752 vocem
953 694 985 752 in
1006 707 1046 752 see
1066 697 1227 754 exeuntem
1314 685 1316 691 ⁴

85 795 286 860 desideretur
313 798 437 858 verbum
463 811 506 858 ee.
550 797 598 857 lbi
625 797 757 856 editores
786 796 891 856 addito
920 794 1111 874 apostrophos
1139 793 1225 872 signo

84 899 191 960 edesse
207 901 357 975 indicent,
374 907 409 962 ut
422 891 649 980 ,auppromn's“
669 899 734 961 Mil.
748 901 820 974 824,
841 890 1028 973 ,innoxin’s“
1041 897 1135 960 Mero.
1148 899 1226 974 ⁷1⁷;

84 1002 139 1061 sed
166 1003 220 1063 hic
251 1023 375 1083 qnoque
396 1003 514 1080 syllaba
534 1003 727 1085 producitur,
755 1022 849 1082 quare
877 1007 959 1062 reete
987 1002 1139 1081 reputanti
1165 1021 1228 1062 uon

84 1109 148 1164 tam
177 1105 349 1184 aphaeresis
376 1107 457 1167 iacta
484 1128 550 1167 asse
576 1105 697 1166 videtur
729 1125 819 1183 quem
850 1107 961 1166 omissa
986 1119 1004 1165 e
1029 1104 1134 1163 littera
1160 1123 1232 1181 syn-1

85 1208 206 1286 aloephe
229 1209 383 1269 vocalium
404 1209 480 1270 lieri.
514 1209 626 1270 Verum
647 1209 719 1287 quie
739 1209 810 1268 tulis
832 1209 955 1268 omissio
977 1207 1087 1268 littera
1107 1221 1126 1267 8
1148 1207 1229 1286 apud

85 1310 233 1372 Plautum
257 1313 317 1372 nisi
339 1318 409 1372 ente
430 1313 480 1373 est
499 1317 531 1372 et
552 1327 586 1372 es
605 1313 657 1370 rix
679 1312 839 1384 invenitur,
861 1311 911 1370 bio
930 1327 1049 1388 quoque
1071 1331 1090 1369 e
1110 1309 1229 1387 vulgari

85 1413 244 1474 scribendi
268 1435 353 1475 more
374 1433 434 1474 non
456 1413 617 1475 &modum
645 1413 788 1474 recedere
815 1413 912 1486 volni,
935 1433 963 1473 v.
986 1431 1079 1491 supra
1099 1431 1130 1491 p.
1156 1413 1226 1471 159.

174 1517 368 1578 Productum
383 1533 423 1578 scs
438 1517 605 1596 legitimum
621 1535 681 1576 non
698 1537 762 1576 esse
778 1517 908 1576 Mullero
925 1515 1065 1588 concedo,
1084 1533 1114 1592 p.
1129 1516 1168 1574 52
1181 1533 1226 1592 sq.

88 1617 242 1698 Exempla
265 1620 433 1680 afferuntur
458 1617 611 1696 ,longina“
637 1620 717 1680 Men.
743 1621 814 1692 323,
841 1613 1068 1697 ,lampadibus“
1093 1617 1134 1676 ib.
1155 1617 1227 1689 828,

92 1719 250 1796 ,edibus“
275 1722 370 1784 Mero.
394 1724 466 1797 889,
492 1720 665 1796 ,omnibus“
690 1723 732 1783 ib.
756 1723 828 1783 908.
854 1721 933 1782 Rue
957 1722 1029 1780 975.

650 1979 680 2040 2.

413 2113 569 2184 syllaba
591 2115 710 2185 longae
731 2117 919 2184 compca.

369 2267 405 2328 Δ.
444 2267 659 2328 Positionis
687 2267 748 2328 lex
774 2267 958 2344 neglecta.

182 2439 257 2513 Ques
279 2438 361 2518 apud
383 2437 503 2498 Grecos
525 2443 556 2496 et
577 2438 760 2516 posteriores
787 2443 895 2518 poetes
917 2438 1066 2498 Romanos
1095 2435 1144 2496 lex
1173 2441 1228 2512 eat,

96 2545 130 2599 nt
152 2540 221 2601 due
243 2547 298 2601 ent
318 2541 421 2618 plures
449 2545 645 2600 consonantes
667 2547 739 2618 post
759 2541 893 2601 vocalem
916 2541 1037 2601 brevem
1057 2540 1165 2619 posite
1190 2565 1228 2580 -

98 2649 225 2723 excepta
245 2644 456 2704 tantummodo
477 2649 561 2702 muta
577 2649 646 2703 ante
662 2643 808 2721 liquidum
827 2673 865 2684 -
883 2643 1042 2722 positione,
1059 2647 1095 2702 nt
1112 2641 1230 2715 dicitnr,

96 2743 219 2821 longam
247 2746 393 2823 syllabam
420 2745 562 2820 reddant,
592 2765 628 2805 ae
652 2745 733 2822 apud
754 2745 898 2805 Plautum
918 2745 995 2821 legis
1016 2746 1077 2805 vim
1097 2743 1231 2804 nondum

98 2846 231 2922 obtinet,
261 2848 315 2908 sed
343 2869 409 2927 qua
437 2848 597 2908 cumuletis
625 2849 859 2908 consonantibus
887 2867 971 2908 mors
1000 2847 1141 2908 obiicitur
1161 2867 1232 2924 pro-

96 2953 267 3024 nuntianti,
291 2970 327 3011 ea
349 2951 455 3025 efficit,
482 2955 518 3009 ut
546 2949 691 3028 syllabam
713 2971 770 3029 pro
792 2950 883 3029 longe
904 2950 1014 3011 hebere
1035 2952 1147 3029 possit,
1169 2969 1232 3010 non

97 3057 132 3109 ut
154 3057 276 3113 coactns
298 3055 353 3126 sit,
381 3054 552 3133 vocalisque
579 3051 628 3111 vel
657 3059 727 3112 ante
753 3059 816 3112 tres
845 3057 1044 3114 consonantes
1071 3057 1232 3131 sequentes

96 3151 198 3214 brevia
214 3175 335 3214 manere
352 3161 461 3233 potest.
494 3153 599 3233 Neque
621 3155 785 3234 quidquem
807 3156 909 3231 refert,
932 3161 1035 3215 utrum
1056 3155 1105 3214 hio
1128 3173 1232 3214 conso·

98 3259 235 3318 nentium
264 3277 425 3318 concursus
447 3259 479 3316 in
501 3255 605 3317 eodem
626 3258 773 3318 vocabulo
795 3256 861 3332 liat,
886 3277 925 3317 en
948 3259 1044 3318 altere
1066 3275 1233 3317 consonans

97 3361 233 3436 priorem
255 3357 385 3434 claudat,
406 3361 504 3420 altera
524 3361 720 3438 posteriorem
741 3361 876 3438 incipiat.
920 3359 1082 3420 Videamus
1104 3359 1231 3436 singule.
1274 3425 1279 3440 ,

184 3461 388 3522 Geminetae
416 3467 613 3522 consonantes
642 3463 722 3541 apud
749 3465 930 3542 posteriores
957 3483 1077 3540 semper
1102 3459 1233 3538 syllabas

98 3561 203 3641 longus
236 3565 381 3638 reddunt3
415 3565 539 3642 ·entiqui
571 3563 674 3624 Latini
707 3565 761 3625 hes
793 3567 884 3644 penio
917 3565 1006 3624 aliter
1039 3583 1073 3623 ac
1105 3562 1233 3621 fortasse

99 3685 206 3744 parum
224 3671 394 3726 constanter
412 3667 649 3746 pronuntiabant
666 3687 721 3728 nec
739 3670 772 3727 in
789 3666 946 3728 scribendo
965 3666 1083 3726 litteras
1102 3665 1233 3741 gemine·

99 3767 181 3830 bant.
224 3768 342 3830 Ennius
366 3769 446 3830 huno
467 3789 580 3830 morem
602 3769 642 3829 ed
663 3769 835 3830 Graecorum
857 3769 1009 3846 exemplar
1031 3765 1233 3826 introduxisse

101 3870 218 3947 dicitur,
240 3893 270 3932 v.
287 3871 368 3931 Fest.
385 3892 416 3949 p.
437 3871 509 3947 293,
533 3871 682 3951 semelque
704 3871 877 3932 introducta
898 3871 962 3929 haec
983 3867 1134 3930 scribendi
1155 3869 1233 3927 ratio

101 3977 192 4034 etiam
213 3975 490 4052 pronuntietionem
513 3975 698 4034 stabiliorem
720 3973 862 4034 reddidit.
906 3971 1119 4051 Antiquissimi
1141 3971 1236 4046 igitur

101 4075 212 4152 Latini,
231 4095 293 4135 non
309 4078 382 4154 quie
402 4077 551 4154 simplices
574 4083 771 4137 consonantes
792 4075 971 4149 scribebant,
993 4073 1124 4152 syllabas
1143 4074 1235 4133 corri-

102 4179 231 4256 piebant,
255 4177 309 4238 sed
331 4181 403 4258 quis
425 4179 517 4238 dubie
539 4185 606 4239 arat
627 4179 809 4256 syllabarum
837 4177 1012 4254 longitudo,
1036 4179 1235 4237 consonantes

103 4299 161 4340 non
183 4280 391 4358 geminabant,
415 4281 500 4340 cuins
521 4283 565 4340 rai
586 4301 726 4359 magnum
748 4281 952 4359 exemplorum
980 4297 1136 4340 numerum
1158 4277 1236 4336 anti·

108 4403 167 4460 que
189 4388 385 4442 monumenta
406 4383 552 4460 prebent,
575 4383 637 4444 vid.
657 4383 749 4443 indie.
767 4383 854 4461 Corp.
872 4383 965 4443 Inacr.
982 4381 1051 4443 Lat.
1068 4381 1093 4453 I,
1115 4401 1145 4458 p.
1165 4379 1236 4438 602.
