2976 5056
219 495 283 558 328
696 490 873 561 Amphitruo.

222 687 295 760 „bas
310 685 440 745 tabellae
457 683 629 759 obsignatas
647 685 834 763 consignatos
851 705 926 764 qnae
942 685 1016 758 iero,
1036 705 1095 744 non
1112 691 1185 744 sunt
1200 681 1357 743 rebellet
1477 703 1478 720 ³

218 789 305 867 Capt.
332 789 358 847 l.
384 788 444 848 110
468 807 529 865 eq.:
567 791 660 862 „istos
693 789 827 867 captiuos
860 787 937 849 duos
970 807 1045 867 qnos
1072 787 1146 861 emi,
1176 787 1224 846 his
1253 785 1359 846 indit-o

219 889 370 952 catenae“.
394 889 570 950 uerene:
595 892 703 962 „istum
721 910 811 968 quem
829 891 956 969 quaeris,
975 909 1029 967 ego
1048 887 1143 948 snm“.
1174 887 1265 968 Epid.
1282 889 1357 947 440.
1477 912 1478 920 ¹

219 995 301 1054 Men.
316 995 391 1053 306:
420 991 597 1064 „Nummum
615 991 700 1052 illum
723 1013 811 1070 quem
833 993 906 1052 mihi
931 991 1043 1052 dudum
1066 983 1247 1070 pollicitus’s
1270 991 1359 1061 dare,

221 1094 274 1172 [ec.
297 1091 347 1170 eo]
369 1093 477 1154 Iubeas
499 1096 656 1172 porculum
679 1093 792 1154 adferri
813 1093 902 1156 tibi“.
943 1095 1022 1154 Peen.
1048 1096 1125 1154 647:
1152 1093 1250 1166 „bunc
1273 1093 1358 1152 chla-
1477 1107 1478 1110 ’

219 1199 375 1275 mydatnm
392 1215 480 1274 quem
497 1197 592 1271 uides,
611 1199 640 1256 ei
657 1197 739 1256 Mers
758 1195 897 1257 irstnst“.
931 1195 1009 1256 Rud.
1026 1197 1124 1256 1065:
1144 1196 1247 1270 „illum
1265 1215 1359 1273 quem

220 1299 334 1360 dudum
356 1299 492 1358 lenonem
515 1301 677 1374 extrusisti,
702 1301 765 1358 eine
781 1299 830 1358 bic
846 1295 1014 1358 nidulum&
1048 1299 1130 1358 Trin.
1144 1301 1222 1360 985:
1251 1298 1358 1370 „illum
1477 1325 1478 1328 ¹

220 1421 308 1481 quem
331 1393 525 1476 ementitus’e‚
549 1405 575 1460 ie
597 1421 653 1478 ego
675 1399 770 1462 eum“.
815 1403 934 1462 Terent.
957 1401 1034 1460 Eun.
1058 1403 1135 1460 653:
1164 1401 1359 1474 „ennuchum

220 1525 309 1583 quem
332 1503 442 1563 dedisti
465 1504 566 1576 nobis,
591 1524 665 1582 ques
691 1505 795 1564 turbes
823 1501 940 1563 dedier
987 1503 1095 1562 Heaut.
1120 1505 1197 1562 ⁷24:
1224 1503 1360 1578 „Decem

220 1609 316 1667 minse
332 1627 406 1685 ques
422 1607 495 1666 mihi
512 1607 583 1666 dare
600 1607 751 1685 pollicitus
769 1605 844 1664 est“.
869 1605 958 1681 Verg.
972 1605 1041 1664 AEn.
1054 1604 1077 1677 1,
1093 1607 1163 1666 573.
1193 1605 1360 1686 Pompeius

221 1709 301 1788 apud
313 1709 407 1770 Cicer.
420 1709 458 1767 ed
470 1710 561 1768 Attio.
574 1708 653 1782 7111,
669 1711 707 1768 12
719 1709 755 1782 A,
769 1710 804 1768 4:
826 1709 936 1780 „Arma
952 1710 1018 1784 quie
1034 1709 1154 1767 missuri
1167 1709 1269 1781 eratis,
1284 1707 1358 1766 iis“.

220 1811 280 1873 Sed
308 1813 398 1871 etiam
427 1812 765 1884 nominativorum,
789 1815 824 1869 ut
845 1810 930 1869 Cure.
955 1811 1032 1870 296:
1067 1811 1134 1883 „isti
1162 1810 1214 1887 qui
1241 1810 1360 1872 ludunt

219 1917 252 1973 in
278 1915 344 1986 uia,
373 1913 468 1972 omnis
496 1912 621 1972 subdam
650 1912 706 1972 sub
735 1909 861 1972 solnm“.
906 1911 1015 1976 Pseud.
1039 1914 1116 1972 723:
1156 1931 1277 1985 „seruos
1302 1912 1356 1989 qni

219 2016 298 2076 bunc
319 2014 442 2088 ferebat,
466 2016 493 2072 ei
516 2033 550 2074 oe
571 2013 716 2074 sublevi“.
761 2015 842 2074 Poen.
867 2016 944 2074 772:
972 2013 1029 2089 „Hi
1052 2019 1104 2091 qui
1127 2015 1214 2074 illum
1236 2013 1355 2073 dudum

219 2117 456 2178 conciliauerunt
479 2117 559 2191 mihi,
583 2138 662 2177 nunc
683 2117 729 2177 his
746 2117 901 2177 cerebrum
917 2115 1045 2176 uritur“.
1079 2117 1162 2176 Trin.
1179 2119 1253 2176 137:
1283 2116 1356 2189 „ille

219 2221 274 2298 qui
294 2219 456 2293 mandauit,
480 2220 646 2280 exturbasti
669 2241 705 2278 ex
727 2217 882 2280 aedibns“.
926 2217 1059 2294 (Terent.
1077 2217 1184 2278 Heeut.
1206 2219 1267 2288 604
1291 2237 1354 2278 non

222 2323 328 2397 effero3
350 2322 392 2382 ibi
414 2325 492 2382 enim
513 2337 609 2401 euque
626 2319 839 2396 scribendum).
858 2321 933 2381 Cato
951 2320 1031 2398 apud
1043 2320 1171 2381 Gallium
1182 2321 1236 2396 111,
1252 2324 1280 2395 7,
1297 2315 1353 2380 19:

224 2425 391 2499 „Leonides
407 2424 488 2484 Laco
512 2427 563 2502 qui
585 2426 681 2484 simile
705 2424 1011 2503 apndThermopyles
1033 2424 1114 2498 iecit,
1138 2429 1265 2503 propter
1289 2425 1355 2482 eine
1474 2469 1476 2492 ,

219 2529 350 2588 uirtutes
368 2525 444 2586 etc.“
477 2527 651 2604 Aliisqne
674 2526 838 2600 casibus,
857 2531 892 2587 nt
908 2527 1027 2586 Trucul.
1041 2528 1120 2586 733:
1147 2527 1225 2599 „illie
1242 2525 1353 2604 quibus
1472 2522 1476 2537 ¹

220 2629 381 2701 invidetur,
404 2631 426 2687 ii
448 2649 511 2688 rem
527 2627 670 2689 hebent“.
703 2630 772 2689 Aul.
787 2631 862 2688 56³:
890 2635 938 2702 „te
961 2628 1085 2688 reddam
1107 2627 1269 2702 madidum,
1293 2627 1352 2686 tibi
1472 2642 1476 2667 ¹

221 2732 292 2810 quoi
314 2729 496 2790 decretumst
517 2731 620 2792 bibere
643 2729 781 2810 cquam“.
815 2731 915 2791 Oietel.
930 2733 985 2792 63:
1012 2730 1168 2806 „indidem
1190 2731 1270 2790 unde
1292 2731 1353 2790 ori·

219 2841 285 2907 tur,
315 2833 408 2893 facito
436 2838 470 2892 nt
496 2834 591 2907 facies
616 2835 775 2894 stultitiam
800 2831 1017 2912 sepelibilem“.
1063 2833 1155 2893 Plura
1181 2833 1242 2894 vid.
1271 2831 1353 2911 apud

220 2936 383 3008 Holtnium,
402 2933 524 3012 Syntax.
542 2935 565 3008 l,
583 2957 613 3014 p.
628 2939 688 2996 387
707 2955 772 3014 sqq.
796 2935 958 3011 Kisseling‚
977 2937 1056 2996 Mus.
1069 2937 1163 2996 Rhen.
1177 2935 1258 3010 XIII,
1278 2938 1351 2995 423.

219 3067 264 3080 -
289 3038 380 3097 1003.
403 3031 514 3115 Neque
537 3033 632 3112 domi,
655 3059 695 3098 ec.
718 3057 778 3098 snae
803 3044 878 3097 erat.
901 3069 945 3080 -
970 3040 1050 3100 1004
1074 3059 1140 3117 sqq.
1156 3035 1351 3115 perreplatu',

96 3185 100 3194 .
221 3143 257 3200 cf.
281 3139 348 3200 Ter.
373 3139 428 3199 Ad.
452 3142 529 3200 715:
562 3139 756 3218 „Perreptaui
778 3161 872 3219 neque
895 3160 982 3201 omne
1004 3139 1178 3218 oppidum“.
1223 3141 1351 3200 Enume-

221 3248 327 3302 rantur
353 3242 411 3302 loci
438 3247 492 3301 eut
517 3242 632 3321 publici
661 3250 713 3302 aut
738 3244 874 3303 omnibus
897 3250 1050 3321 patentes,
1073 3243 1126 3303 nbi
1148 3242 1281 3302 homines
1304 3243 1352 3302 vel

223 3351 346 3423 egentes
367 3345 482 3422 aliquid
497 3346 546 3404 vel
563 3345 636 3404 nihil
654 3350 774 3423 agentes
790 3351 908 3406 tantum
926 3346 1139 3406 confabulandi
1158 3351 1189 3405 et
1209 3345 1352 3405 audiendi

222 3469 313 3507 cauea
340 3447 448 3526 degere
476 3447 622 3507 solebant.
674 3447 717 3508 cf.
740 3447 830 3526 Epid.
857 3449 917 3508 194
941 3467 1000 3525 sq.:
1039 3448 1270 3528 „Periphanem,
1298 3467 1353 3525 per

223 3571 339 3610 omnem
365 3551 470 3611 urbem
492 3569 580 3630 quem
603 3571 667 3610 sum
691 3549 823 3610 defessus
846 3570 993 3630 quaerere,
1017 3550 1075 3610 Per
1095 3551 1275 3626 medicinas,
1299 3571 1353 3630 per

222 3657 395 3727 tonstrinas,
418 3657 449 3712 in
472 3655 626 3731 gymnasio
649 3660 738 3731 etque
760 3655 792 3712 in
814 3652 889 3726 foro,
913 3650 971 3712 Per
987 3654 1155 3731 myropolia
1174 3659 1204 3712 et
1219 3655 1353 3713 lanienas

224 3758 393 3833 circumque
416 3755 631 3831 argentarias“.
676 3756 765 3829 Quod
790 3752 958 3834 perunctia
985 3756 1097 3835 plurali
1125 3775 1247 3816 numero
1270 3757 1351 3828 dicit,

224 3864 341 3918 constat
363 3861 395 3916 in
418 3859 579 3918 maioribus
601 3858 727 3918 urbibus
750 3879 828 3936 saepe
850 3859 939 3937 plura
960 3861 1115 3936 gymnmia
1142 3859 1247 3930 fuisse,
1269 3858 1353 3916 velut

222 3961 351 4021 Athenis
375 3961 515 4038 quinque.
561 3955 752 4040 Myropolc'a‚
775 3962 1042 4037 unguentariorum
1064 3959 1212 4031 tabernas,
1234 3965 1270 4019 ut
1291 3974 1351 4018 me·

224 4059 348 4124 diuinae
369 4063 551 4122 medicorum
575 4062 675 4142 (Epid.
703 4067 772 4124 195.
795 4065 876 4124 Men.
900 4059 976 4138 971)
999 4069 1030 4122 at
1053 4058 1226 4124 laustinus
1254 4067 1352 4120 tonso·
1477 4113 1478 4138 q

223 4185 290 4224 rum
318 4165 409 4240 vulgo
436 4169 570 4243 putuisse
598 4172 629 4224 et
656 4168 820 4228 otiosorum
842 4169 994 4226 hominum
1022 4166 1127 4244 plenas
1155 4165 1247 4224 fuisse
1275 4184 1353 4241 saepe

222 4269 357 4346 legimus,
381 4274 416 4327 ut
437 4268 517 4346 apud
534 4267 604 4345 Lys.
628 4269 665 4328 de
682 4268 819 4328 Invalido
842 4271 897 4328 20:
922 4268 1033 4335 ἕκαστος
1054 4271 1109 4346 γὰρ
1131 4269 1209 4344 ὖμῶν
1230 4271 1353 4325 εἰθισται

225 4373 396 4446 προσφοιτᾶν
419 4371 434 4427 ὁ
454 4375 503 4446 μέν
523 4373 592 4447 πρὸς
610 4375 797 4448 μυροπωλεῒον
816 4371 832 4427 ὁ
848 4373 877 4428 δὲ
895 4374 964 4448 πρὸς
983 4376 1104 4447 κουρεῖον
1122 4371 1137 4428 ὃ
1154 4371 1183 4426 δὲ
1201 4371 1271 4446 πρὸς
1289 4393 1352 4426 σκυ-
