2976 5056
234 483 296 547 354
729 477 866 533 Asinaria.

233 673 438 753 reponendum
461 675 511 732 sit.
555 673 664 732 Parum
694 672 821 732 feliciter
843 671 931 730 Both.
958 669 1020 745 ,Ut
1039 691 1094 732 uos
1116 673 1188 732 iteri
1219 675 1257 730 ut
1284 671 1371 744 alise,

233 779 348 856 puriter
380 798 409 836 u.
438 775 481 836 M.
510 771 664 849 ediuuet“,
698 773 813 834 Ritsch.
837 773 959 850 Parerg.
988 793 1018 852 p.
1043 775 1120 833 233:
1158 773 1221 848 ,Ut
1249 779 1373 833 uosmet
1481 791 1482 824 ι

233 881 317 955 alias,
340 875 390 959 p.“

695 1023 899 1035 —-—-——

322 1189 370 1248 16.
393 1186 583 1246 Demoenetus
605 1203 708 1258 senex,
731 1189 890 1262 postquem
913 1185 940 1242 ei
962 1184 1151 1264 Argyrippus
1178 1181 1263 1244 filius
1288 1204 1375 1244 smo-

232 1311 295 1350 rem
329 1294 359 1349 et
391 1289 522 1368 inopiam
555 1305 637 1346 suam
671 1285 798 1347 credidit
826 1283 867 1360 (v.
892 1287 933 1346 74
961 1282 1037 1364 sq.),
1066 1286 1215 1346 Libanum
1248 1307 1372 1347 servum

234 1397 355 1452 sevocat
376 1387 417 1464 (v.
440 1391 490 1450 31.
515 1386 617 1464 359.),
640 1393 676 1448 ut
696 1393 811 1448 secreto
834 1408 901 1448 oum
923 1407 959 1448 eo
983 1392 1057 1463 agat
1079 1388 1116 1446 ds
1138 1393 1271 1466 pecunia
1294 1393 1374 1450 olam

233 1495 319 1554 uxori
353 1491 522 1552 auferenda.
567 1491 676 1551 Servus
708 1491 820 1550 malum
853 1489 910 1549 sibi
939 1490 1052 1549 veritus
1080 1511 1135 1551 neo
1163 1493 1226 1552 sine
1259 1493 1375 1553 timore

233 1601 353 1656 secutus
370 1613 447 1673 segre
465 1614 500 1653 eo
516 1593 699 1673 perducitur,
723 1599 758 1652 ut
780 1598 842 1652 tum
864 1583 1071 1652 incredibilem
1093 1613 1155 1652 rem
1178 1615 1286 1654 veram
1306 1615 1374 1654 esse

233 1698 346 1759 eredat.
378 1697 439 1758 Per
456 1697 608 1756 carissima
625 1715 750 1773 queque
766 1695 872 1754 herum
888 1694 1064 1767 obtestetur,
1087 1715 1125 1754 ne
1147 1696 1205 1755 sihi
1227 1697 1373 1756 fraudem

234 1801 389 1874 molietur3
411 1799 486 1858 nihil
508 1803 610 1858 sutem
631 1798 836 1858 vehementius
858 1801 966 1876 optare
989 1798 1087 1857 solent
1104 1805 1257 1874 parentes,
1279 1819 1372 1878 quem

233 1908 270 1962 ut
301 1902 390 1962 liberi
422 1900 479 1960 sibi
512 1902 688 1977 superstites
716 1902 791 1973 sint,
824 1900 860 1960 ol.
884 1899 1004 1959 Terent.
1028 1899 1135 1959 Hesut.
1163 1902 1262 1962 1030:
1303 1893 1381 1974 „Ita

234 2005 308 2064 mihi
335 2009 427 2082 atque
455 2003 524 2062 huic
546 2003 587 2062 sis
609 2007 775 2079 superstes,
804 2007 839 2060 ut
868 2001 901 2060 tu
929 2021 966 2060 ex
992 2022 1040 2061 me
1068 2005 1160 2079 atque
1188 2003 1246 2063 hoc
1276 2010 1369 2063 natus

235 2105 298 2167 es“.
332 2105 418 2165 Ovid.
436 2104 506 2164 Her.
530 2104 553 2178 I,
581 2106 649 2164 101.
681 2103 783 2163 Seuec.
802 2102 887 2162 Cous.
911 2103 949 2162 ed
972 2102 1116 2163 Marciam
1139 2103 1163 2178 I,
1188 2107 1221 2164 2:
1251 2108 1374 2185 ,petris

234 2209 280 2268 tui
400 2227 487 2284 quem
515 2227 575 2266 non
602 2207 700 2265 miuus
728 2225 819 2283 quem
846 2205 958 2264 liberos
987 2205 1134 2279 dilexisti,
1164 2213 1292 2286 excepto
1322 2229 1371 2282 eo,

235 2311 315 2391 quod
337 2330 397 2370 uon
420 2308 545 2387 optabas
568 2304 791 2385 superstitsm“.
836 2307 931 2368 Cicer.
952 2307 1022 2366 Nat.
1046 2307 1134 2367 Deor.
1158 2295 1202 2383 II,
1226 2313 1285 2384 28,
1312 2313 1371 2370 72.-

237 2413 310 2490 „qui
337 2417 419 2472 totos
446 2411 511 2470 dies
539 2411 740 2489 precabantur
763 2416 794 2469 et
816 2409 1024 2483 immolabant,
1053 2416 1088 2471 ut
1116 2411 1173 2470 sibi
1200 2413 1247 2470 sui
1278 2412 1368 2472 liberi

234 2501 412 2594 superstites
431 2519 539 2587 essent,
557 2515 759 2592 superstitiosi
775 2519 845 2572 sunt
862 2513 1015 2590 appellati,
1035 2512 1115 2590 quod
1133 2533 1241 2572 nomen
1263 2516 1372 2592 patuit

234 2622 340 2696 postea
360 2613 482 2675 latius“.
504 2646 548 2656 —
573 2618 620 2676 18.
646 2612 699 2675 ted
720 2635 786 2675 cum
808 2615 854 2674 Fl.
878 2616 984 2691 scripsi
1007 2615 1107 2674 hiatus
1135 2616 1251 2676 vitandi
1278 2638 1373 2678 cauea

234 2738 270 2778 eo
293 2716 502 2790 confidentius,
530 2719 602 2794 quia
622 2739 650 2776 v.
676 2720 715 2777 20
744 2713 817 2778 med
842 2719 873 2776 in
896 2716 961 2776 cod.
985 2717 1009 2775 B
1033 2722 1091 2791 est;
1114 2718 1150 2777 ci.
1174 2721 1253 2778 inire
1276 2721 1317 2780 ad
1339 2713 1368 2779 v.

234 2851 278 2862 —-
301 2821 352 2880 20.
374 2818 598 2898 Expectabatur
624 2818 710 2878 verbi
737 2841 767 2898 q.
791 2841 815 2878 e.
845 2813 982 2880 obtestor
1009 2821 1174 2894 obiectum,
1207 2843 1263 2895 „ne
1294 2822 1370 2901 quid

234 2923 309 2982 mihi
336 2921 405 2981 falsi
432 2918 545 2994 dicas“,
575 2922 627 2995 sed
653 2927 772 2982 mutate
794 2927 947 2981 structura
975 2922 1006 2980 id
1035 2922 1123 2996 dicit,
1154 2923 1249 3001 quod,
1281 2925 1309 2984 si
1337 2919 1373 2984 se

234 3025 383 3098 fefellerit,
407 3028 502 3100 optat,
521 3029 557 3082 ut
574 3025 601 3083 ei
619 3043 695 3083 uxor
712 3029 864 3102 superstes
880 3025 928 3098 sit,
947 3025 1035 3100 quasi
1051 3045 1111 3084 nou
1133 3030 1182 3098 ,te
1199 3023 1367 3099 obtestor“,

235 3129 289 3188 sed
313 3129 403 3202 ,deos
425 3123 550 3204 precor“
576 3127 785 3200 antecesserit;
807 3127 844 3185 cf.
862 3127 968 3185 Bacch.
989 3129 1048 3184 781
1075 3145 1119 3203 sq.
1136 3126 1269 3186 —Po'et
1291 3142 1369 3206 crya

234 3231 334 3290 hiatus
367 3232 398 3288 in
434 3247 562 3301 cessure,
601 3248 709 3306 magna
749 3228 896 3288 editorum
935 3246 1006 3304 pers
1048 3226 1119 3301 ,tu“
1161 3228 1287 3288 eddidit
1324 3259 1367 3268 -

236 3335 286 3392 21.
310 3331 456 3406 aetatem,
479 3331 499 3389 i.
524 3350 548 3389 e.
573 3351 661 3407 quam
684 3330 736 3390 diu
758 3330 847 3389 homo
868 3331 959 3402 vivit,
984 3331 1020 3388 cf.
1044 3332 1123 3391 infra
1146 3333 1218 3390 272.
1254 3332 1365 3410 Amph.

238 3435 329 3496 1016.
352 3436 471 3494 Terent.
483 3433 591 3510 Hecyr.
605 3434 681 3492 747:
709 3433 802 3507 ,Nem
825 3451 920 3508 neque
943 3432 994 3490 ille
1016 3432 1072 3491 hoo
1089 3433 1188 3492 snimo
1207 3435 1265 3493 erit
1282 3441 1368 3494 aeta·

233 3534 327 3610 tem“,
345 3537 397 3596 ubi
407 3536 542 3596 Donatus
554 3540 686 3594 enarrat:
709 3541 787 3609 „tem
800 3535 851 3593 diu
863 3533 1235 3612 quemlongaestaetes“.
1266 3535 1363 3596 Lucil.
1481 3605 1482 3614 χ

234 3639 263 3714 1,
290 3641 342 3698 17:
370 3643 423 3714 ,ut
443 3639 553 3697 multos
575 3657 749 3714 mensesque
771 3637 903 3714 diesque,
927 3636 994 3695 Non
1015 3643 1115 3696 tamn
1138 3635 1297 3698 oetatem“.
1322 3667 1368 3678 -

236 3745 286 3802 22.
305 3740 427 3818 pestem
450 3741 586 3817 oppetas,
610 3741 629 3797 i.
654 3758 678 3797 e.
702 3745 845 3813 mortem,
870 3739 906 3798 cf.
930 3738 1016 3816 (lapt.
1043 3741 1113 3799 520.
1136 3741 1205 3799 Acc.
1230 3761 1279 3818 ep.
1303 3739 1363 3799 Cic.

234 3845 321 3904 Tusc.
334 3844 373 3918 Π,
388 3845 436 3917 16,
450 3845 505 3903 38:
533 3842 725 3919 ,priusquam
742 3847 853 3919 oppeto
872 3841 982 3899 melam
1004 3839 1150 3918 pestsm“.
1169 3873 1211 3884 -
1229 3845 1279 3901 23.
1300 3836 1364 3902 Per

234 3942 327 4005 doum
347 3941 461 4021 fidium
483 3939 608 4022 quaeris
630 3942 732 4017 code,
755 3942 832 4002 Edd.
856 3943 918 4002 fere
943 3963 1015 4021 ,per
1038 3945 1126 4002 Dium
1149 3941 1287 4003 Fidium“
1314 3942 1366 4018 (de
1479 3997 1480 4004 ,

236 4065 295 4125 quo
316 4046 377 4106 rid.
395 4046 518 4120 Preller,
536 4045 695 4106 Rtmische
706 4045 893 4122 Mythologie
908 4066 940 4123 p.
954 4043 1045 4120 634),
1070 4045 1178 4105 deinde
1195 4047 1247 4106 elii
1268 4065 1364 4124 „quse

232 4145 393 4227 ·quseris“';
414 4148 502 4207 Both.
530 4165 602 4224 ,per
618 4145 706 4206 deum
722 4148 820 4222 fidem,
843 4153 879 4208 ut
900 4153 935 4206 tu
953 4149 1082 4224 quoeris,
1102 4146 1236 4220 iurato“;
1259 4169 1361 4207 verum

233 4271 294 4310 non
316 4251 465 4329 quaesivit,
487 4255 626 4328 precatus
650 4255 680 4308 ct
699 4250 867 4310 obtestatus
890 4255 945 4310 est.
980 4249 1126 4327 Equidem
1143 4251 1260 4309 malim:
1287 4251 1366 4325 ,Per
