2992 5054
108 531 130 596 1,
140 531 282 597 eoo-11,
296 536 317 598 1,
330 533 361 584 12
585 533 761 602 Amphitruo.
1198 545 1238 602 33

107 711 220 802 Atque¹
240 727 375 806 quanto,
397 743 471 801 nox,
494 720 586 788 fuisti
607 722 736 806 longior
757 722 821 787 hoo
840 744 1012 818 proxuma,

108 829 215 894 Tanto
238 830 372 894 breuior
395 830 465 895 dios
487 836 524 895 ut
546 831 605 895 flat
625 829 753 912 faciam,
776 837 814 895 ut
836 853 942 914 aeque
963 832 1073 916 dispar
1095 842 1129 899 et
1189 843 1240 897 545

109 938 188 1002 Dies
211 960 230 1004 e
253 945 350 1004 noete
371 938 517 1004 accedat.
552 939 610 1004 ibo
633 944 668 1004 et
688 939 889 1006 Mercurium
910 940 1099 1024 subsequar.

458 1325 721 1406 AMPHITRUO.
766 1309 895 1394 soem.

554 1481 793 1566 Amphitruo

108 1591 181 1673 Age
204 1591 215 1654 i
237 1597 274 1654 tu
296 1590 484 1656 secundum.

620 1699 735 1764 Sosia

520 1807 656 1891 Sequor,
679 1806 862 1888 subsequor
883 1814 926 1872 te.

562 1914 798 1998 Amphitruo

112 2024 399 2089 Scelestiseumum
420 2029 454 2088 te
477 2023 628 2089 arbitror.

622 2132 737 2196 Sosia

649 2238 733 2304 Nam
756 2237 991 2323 quamobrem?

562 2345 798 2429 Amphitruo

114 2457 200 2534 Quia
221 2455 264 2534 id,
289 2453 376 2536 quod
398 2476 504 2538 neque
527 2460 578 2520 est
600 2475 705 2538 neque
726 2453 790 2519 fuit
812 2475 918 2537 neque
941 2454 1128 2536 futurumst,

114 2564 197 2628 Mihi
219 2563 400 2646 praedicat.

623 2671 739 2738 Sosia

428 2777 560 2860 nocere,
582 2761 648 2846 iam
669 2781 788 2844 tuatim

114 2887 212 2951 Facis
236 2893 278 2967 tu,
299 2893 337 2952 ut
359 2887 425 2952 tuis
447 2887 539 2952 nulla
561 2885 647 2970 apud
669 2893 703 2952 te
725 2887 806 2952 fides
831 2889 882 2952 eit.

564 2993 800 3079 Amphitruo

114 3103 204 3182 Quid
226 3104 298 3167 est?
321 3103 392 3180 Quo
415 3102 534 3168 modo?
557 3101 626 3167 Iam
648 3102 782 3185 quidem
803 3101 912 3169 hercle
936 3124 996 3186 ego
1019 3102 1081 3167 tibi
1103 3103 1201 3167 istem

114 3212 306 3291 Soeleetam,
331 3209 446 3289 scelus,
470 3209 616 3290 linguam
639 3211 815 3275 abscidam.

523 3373 530 3390 .
625 3318 741 3383 Sosia

841 3425 930 3490 Tuus
953 3448 1039 3506 sum;

113 3533 256 3599 Proinde
277 3540 315 3600 ut
337 3534 577 3599 commodumst
600 3531 756 3612 etlubet,
779 3533 918 3616 quicque
941 3532 1053 3598 faciae.

114 3642 239 3707 Tamen
263 3643 341 3725 quin
364 3644 481 3726 loquar
502 3641 593 3721 haee,
614 3641 663 3706 uti
684 3639 775 3705 facta
798 3649 874 3707 sunt
895 3641 959 3721 hie,
1000 3643 1001 3646 ’
1194 3641 1245 3692 555

114 3751 301 3833 Numquam
323 3749 390 3815 ullo
413 3749 510 3814 modo
533 3770 585 3814 me
608 3755 703 3832 potes
725 3748 902 3814 deterrere.

564 3855 800 3940 Amphitruo

114 3965 373 4046 Scelestissume,
396 3965 497 4030 audes
520 3964 601 4029 mihi
624 3963 817 4047 praedicare
839 3963 882 4045 id,

113 4074 212 4138 Domi
234 4077 268 4138 te
292 4093 362 4138 esse
386 4094 482 4154 nune,
506 4073 563 4156 qui
584 4071 638 4138 hio
659 4072 762 4138 ades?

182 4329 235 4381 545
253 4327 379 4397 disparet
423 4329 473 4382 546
490 4327 529 4381 Et
547 4327 605 4381 dies
650 4329 701 4381 550
718 4327 792 4382 Eece
808 4328 849 4381 rei
865 4345 910 4381 am
923 4331 1049 4380 tuentem
1094 4327 1142 4379 551
1162 4325 1244 4378 Facis

113 4421 145 4469 ut
197 4415 236 4467 ait
253 4413 324 4466 fides
376 4415 427 4466 554
444 4412 623 4468 eommodum
641 4414 694 4466 siet
746 4415 796 4468 556
813 4419 908 4481 poten
1299 4430 1304 4438 ·

1021 4517 1037 4567 3
