<?xml version="1.0" encoding="UTF-8"?>
<!DOCTYPE html PUBLIC "-//W3C//DTD XHTML 1.0 Transitional//EN"
    "http://www.w3.org/TR/xhtml1/DTD/xhtml1-transitional.dtd">
<html xmlns="http://www.w3.org/1999/xhtml" xml:lang="en" lang="en">
 <head>
  <title>
</title>
<meta http-equiv="Content-Type" content="text/html;charset=utf-8" />
  <meta name='ocr-system' content='tesseract 3.04.00' />
  <meta name='ocr-capabilities' content='ocr_page ocr_carea ocr_par ocr_line ocrx_word'/>
</head>
<body>
  <div class='ocr_page' id='page_1' title='image "./tmacciiplautico02ussigoog_0039.png"; bbox 0 0 2992 5054; ppageno 0'>
   <div class='ocr_carea' id='block_1_1' title="bbox 723 427 1343 500">
    <p class='ocr_par' dir='ltr' id='par_1_1' title="bbox 723 427 1343 500">
     <span class='ocr_line' id='line_1_1' title="bbox 723 427 1343 500; baseline 0.008 -18"><span class='ocrx_word' id='word_1_1' title='bbox 723 427 816 484; x_wconf 65' lang='lat' dir='ltr'><strong>Prono</strong></span> <span class='ocrx_word' id='word_1_2' title='bbox 1130 432 1343 500; x_wconf 66' lang='lat' dir='ltr'><strong>russo-241</strong></span> 
     </span>
    </p>
   </div>
   <div class='ocr_carea' id='block_1_2' title="bbox 205 617 1346 4166">
    <p class='ocr_par' dir='ltr' id='par_1_2' title="bbox 205 617 1346 4166">
     <span class='ocr_line' id='line_1_2' title="bbox 713 617 829 685; baseline 0.009 -1"><span class='ocrx_word' id='word_1_3' title='bbox 713 617 829 685; x_wconf 81' lang='lat' dir='ltr'><strong>Sosis</strong></span> 
     </span>
     <span class='ocr_line' id='line_1_3' title="bbox 497 725 1222 810; baseline 0.007 -18"><span class='ocrx_word' id='word_1_4' title='bbox 497 725 631 792; x_wconf 74' lang='lat' dir='ltr'><strong>Utinam</strong></span> <span class='ocrx_word' id='word_1_5' title='bbox 653 726 740 794; x_wconf 78' lang='lat' dir='ltr'><strong>istuc</strong></span> <span class='ocrx_word' id='word_1_6' title='bbox 761 729 863 810; x_wconf 83' lang='lat' dir='ltr'><strong>pugni</strong></span> <span class='ocrx_word' id='word_1_7' title='bbox 884 727 1039 796; x_wconf 75' lang='lat' dir='ltr'><strong>fecissent</strong></span> <span class='ocrx_word' id='word_1_8' title='bbox 1061 731 1120 796; x_wconf 85' lang='lat' dir='ltr'><strong>tui.</strong></span> <span class='ocrx_word' id='word_1_9' title='bbox 1219 737 1222 743; x_wconf 89' lang='lat'>&#39;</span> 
     </span>
     <span class='ocr_line' id='line_1_4' title="bbox 658 835 885 904; baseline 0.018 -4"><span class='ocrx_word' id='word_1_10' title='bbox 658 835 885 904; x_wconf 86' lang='lat' dir='ltr'><strong>Mercurius</strong></span> 
     </span>
     <span class='ocr_line' id='line_1_5' title="bbox 205 943 1241 1031; baseline 0.003 -20"><span class='ocrx_word' id='word_1_11' title='bbox 205 946 276 1029; x_wconf 81' lang='lat' dir='ltr'><strong>Ego</strong></span> <span class='ocrx_word' id='word_1_12' title='bbox 299 967 370 1010; x_wconf 90' lang='lat' dir='ltr'><strong>sum</strong></span> <span class='ocrx_word' id='word_1_13' title='bbox 394 945 489 1012; x_wconf 83' lang='lat' dir='ltr'><strong>Sosia</strong></span> <span class='ocrx_word' id='word_1_14' title='bbox 510 943 575 1025; x_wconf 83' lang='lat' dir='ltr'><strong>iile,</strong></span> <span class='ocrx_word' id='word_1_15' title='bbox 599 967 696 1031; x_wconf 88' lang='lat' dir='ltr'><strong>qnem</strong></span> <span class='ocrx_word' id='word_1_16' title='bbox 718 951 756 1010; x_wconf 78' lang='lat' dir='ltr'><strong>bn</strong></span> <span class='ocrx_word' id='word_1_17' title='bbox 779 943 902 1012; x_wconf 86' lang='lat' dir='ltr'><strong>dudum</strong></span> <span class='ocrx_word' id='word_1_18' title='bbox 923 967 995 1014; x_wconf 89' lang='lat' dir='ltr'><strong>esse</strong></span> <span class='ocrx_word' id='word_1_19' title='bbox 1018 947 1129 1014; x_wconf 78' lang='lat' dir='ltr'><strong>aiebas</strong></span> <span class='ocrx_word' id='word_1_20' title='bbox 1152 948 1241 1014; x_wconf 89' lang='lat' dir='ltr'><strong>mihi.</strong></span> 
     </span>
     <span class='ocr_line' id='line_1_6' title="bbox 663 1053 828 1120; baseline 0 0"><span class='ocrx_word' id='word_1_21' title='bbox 663 1053 828 1120; x_wconf 50' lang='lat' dir='ltr'><strong>¹·Sosiu</strong></span> 
     </span>
     <span class='ocr_line' id='line_1_7' title="bbox 207 1161 1285 1250; baseline 0.005 -22"><span class='ocrx_word' id='word_1_22' title='bbox 207 1162 352 1229; x_wconf 82' lang='lat' dir='ltr'><strong>Obsecro</strong></span> <span class='ocrx_word' id='word_1_23' title='bbox 375 1169 413 1230; x_wconf 78' lang='lat' dir='ltr'><strong>ut</strong></span> <span class='ocrx_word' id='word_1_24' title='bbox 433 1185 494 1248; x_wconf 85' lang='lat' dir='ltr'><strong>per</strong></span> <span class='ocrx_word' id='word_1_25' title='bbox 515 1183 631 1247; x_wconf 80' lang='lat' dir='ltr'><strong>pacem</strong></span> <span class='ocrx_word' id='word_1_26' title='bbox 653 1161 753 1228; x_wconf 75' lang='lat' dir='ltr'><strong>liceat</strong></span> <span class='ocrx_word' id='word_1_27' title='bbox 773 1170 807 1230; x_wconf 75' lang='lat' dir='ltr'><strong>be</strong></span> <span class='ocrx_word' id='word_1_28' title='bbox 830 1163 974 1250; x_wconf 79' lang='lat' dir='ltr'>adloqui,</span> <span class='ocrx_word' id='word_1_29' title='bbox 997 1172 1035 1232; x_wconf 76' lang='lat' dir='ltr'><strong>ut</strong></span> <span class='ocrx_word' id='word_1_30' title='bbox 1056 1187 1097 1232; x_wconf 85' lang='lat' dir='ltr'><strong>no</strong></span> <span class='ocrx_word' id='word_1_31' title='bbox 1120 1166 1285 1250; x_wconf 82' lang='lat' dir='ltr'><strong>nepulcm.</strong></span> 
     </span>
     <span class='ocr_line' id='line_1_8' title="bbox 659 1271 884 1338; baseline 0.009 -2"><span class='ocrx_word' id='word_1_32' title='bbox 659 1271 884 1338; x_wconf 86' lang='lat' dir='ltr'><strong>Mercurius</strong></span> 
     </span>
     <span class='ocr_line' id='line_1_9' title="bbox 207 1379 1346 1469; baseline 0.001 -21"><span class='ocrx_word' id='word_1_33' title='bbox 207 1384 310 1448; x_wconf 89' lang='lat' dir='ltr'><strong>Immo</strong></span> <span class='ocrx_word' id='word_1_34' title='bbox 333 1382 478 1449; x_wconf 79' lang='lat' dir='ltr'><strong>indutiae</strong></span> <span class='ocrx_word' id='word_1_35' title='bbox 501 1401 677 1467; x_wconf 79' lang='lat' dir='ltr'><strong>parumper</strong></span> <span class='ocrx_word' id='word_1_36' title='bbox 697 1379 787 1462; x_wconf 80' lang='lat' dir='ltr'><strong>fiant,</strong></span> <span class='ocrx_word' id='word_1_37' title='bbox 810 1381 837 1447; x_wconf 86' lang='lat' dir='ltr'><strong>si</strong></span> <span class='ocrx_word' id='word_1_38' title='bbox 861 1380 939 1467; x_wconf 90' lang='lat' dir='ltr'><strong>qnid</strong></span> <span class='ocrx_word' id='word_1_39' title='bbox 962 1383 1014 1449; x_wconf 88' lang='lat' dir='ltr'><strong>uis</strong></span> <span class='ocrx_word' id='word_1_40' title='bbox 1037 1383 1136 1469; x_wconf 87' lang='lat' dir='ltr'><strong>loqui.</strong></span> <span class='ocrx_word' id='word_1_41' title='bbox 1286 1387 1346 1440; x_wconf 79' lang='lat'><strong>385</strong></span> 
     </span>
     <span class='ocr_line' id='line_1_10' title="bbox 715 1487 831 1555; baseline -0.009 0"><span class='ocrx_word' id='word_1_42' title='bbox 715 1487 831 1555; x_wconf 80' lang='lat' dir='ltr'><strong>Sosia</strong></span> 
     </span>
     <span class='ocr_line' id='line_1_11' title="bbox 207 1597 1244 1685; baseline -0.003 -18"><span class='ocrx_word' id='word_1_43' title='bbox 207 1601 280 1667; x_wconf 82' lang='lat' dir='ltr'><strong>Non</strong></span> <span class='ocrx_word' id='word_1_44' title='bbox 302 1601 421 1685; x_wconf 82' lang='lat' dir='ltr'><strong>loquer</strong></span> <span class='ocrx_word' id='word_1_45' title='bbox 441 1599 505 1665; x_wconf 90' lang='lat' dir='ltr'><strong>nisi</strong></span> <span class='ocrx_word' id='word_1_46' title='bbox 526 1619 607 1682; x_wconf 86' lang='lat' dir='ltr'><strong>pecc</strong></span> <span class='ocrx_word' id='word_1_47' title='bbox 629 1597 727 1678; x_wconf 80' lang='lat' dir='ltr'><strong>fecte,</strong></span> <span class='ocrx_word' id='word_1_48' title='bbox 750 1597 882 1684; x_wconf 84' lang='lat' dir='ltr'><strong>quando</strong></span> <span class='ocrx_word' id='word_1_49' title='bbox 905 1599 1022 1684; x_wconf 77' lang='lat' dir='ltr'><strong>pugnis</strong></span> <span class='ocrx_word' id='word_1_50' title='bbox 1044 1599 1118 1685; x_wconf 92' lang='lat' dir='ltr'><strong>plus</strong></span> <span class='ocrx_word' id='word_1_51' title='bbox 1140 1601 1244 1667; x_wconf 85' lang='lat' dir='ltr'><strong>usles.</strong></span> 
     </span>
     <span class='ocr_line' id='line_1_12' title="bbox 660 1708 885 1774; baseline 0.004 -1"><span class='ocrx_word' id='word_1_52' title='bbox 660 1708 885 1774; x_wconf 89' lang='lat' dir='ltr'><strong>Mercurius</strong></span> 
     </span>
     <span class='ocr_line' id='line_1_13' title="bbox 207 1817 645 1900; baseline -0.005 -16"><span class='ocrx_word' id='word_1_53' title='bbox 207 1817 315 1885; x_wconf 82' lang='lat' dir='ltr'><strong>Dicito</strong></span> <span class='ocrx_word' id='word_1_54' title='bbox 339 1819 399 1900; x_wconf 82' lang='lat' dir='ltr'><strong>sis3</strong></span> <span class='ocrx_word' id='word_1_55' title='bbox 422 1840 488 1884; x_wconf 91' lang='lat' dir='ltr'><strong>non</strong></span> <span class='ocrx_word' id='word_1_56' title='bbox 510 1818 645 1884; x_wconf 88' lang='lat' dir='ltr'><strong>nocebo.</strong></span> 
     </span>
     <span class='ocr_line' id='line_1_14' title="bbox 715 1925 832 1991; baseline 0.009 -1"><span class='ocrx_word' id='word_1_57' title='bbox 715 1925 832 1991; x_wconf 80' lang='lat' dir='ltr'><strong>Sosis</strong></span> 
     </span>
     <span class='ocr_line' id='line_1_15' title="bbox 661 2031 995 2101; baseline 0.003 -3"><span class='ocrx_word' id='word_1_58' title='bbox 661 2032 750 2100; x_wconf 85' lang='lat' dir='ltr'><strong>Tuae</strong></span> <span class='ocrx_word' id='word_1_59' title='bbox 772 2031 850 2098; x_wconf 88' lang='lat' dir='ltr'><strong>fidei</strong></span> <span class='ocrx_word' id='word_1_60' title='bbox 872 2034 995 2101; x_wconf 79' lang='lat' dir='ltr'><strong>credo?</strong></span> 
     </span>
     <span class='ocr_line' id='line_1_16' title="bbox 660 2143 886 2209; baseline 0 -1"><span class='ocrx_word' id='word_1_61' title='bbox 660 2143 886 2209; x_wconf 83' lang='lat' dir='ltr'><strong>Mercurius</strong></span> 
     </span>
     <span class='ocr_line' id='line_1_17' title="bbox 997 2238 1102 2316; baseline 0.01 -1"><span class='ocrx_word' id='word_1_62' title='bbox 997 2238 1102 2316; x_wconf 71' lang='lat' dir='ltr'><strong>Mene.</strong></span> 
     </span>
     <span class='ocr_line' id='line_1_18' title="bbox 717 2357 832 2425; baseline 0.009 -1"><span class='ocrx_word' id='word_1_63' title='bbox 717 2357 832 2425; x_wconf 77' lang='lat' dir='ltr'><strong>Sosia</strong></span> 
     </span>
     <span class='ocr_line' id='line_1_19' title="bbox 208 2469 626 2551; baseline -0.005 -14"><span class='ocrx_word' id='word_1_64' title='bbox 208 2471 303 2551; x_wconf 84' lang='lat' dir='ltr'><strong>Quid,</strong></span> <span class='ocrx_word' id='word_1_65' title='bbox 328 2471 356 2536; x_wconf 91' lang='lat' dir='ltr'><strong>si</strong></span> <span class='ocrx_word' id='word_1_66' title='bbox 379 2469 496 2536; x_wconf 76' lang='lat' dir='ltr'><strong>folles?</strong></span> <span class='ocrx_word' id='word_1_67' title='bbox 622 2475 626 2484; x_wconf 85' lang='lat'>&#39;</span> 
     </span>
     <span class='ocr_line' id='line_1_20' title="bbox 662 2575 887 2642; baseline 0.013 -2"><span class='ocrx_word' id='word_1_68' title='bbox 662 2575 887 2642; x_wconf 87' lang='lat' dir='ltr'><strong>Mercurius</strong></span> 
     </span>
     <span class='ocr_line' id='line_1_21' title="bbox 516 2673 1235 2752; baseline 0 -2"><span class='ocrx_word' id='word_1_69' title='bbox 516 2684 599 2750; x_wconf 91' lang='lat' dir='ltr'><strong>Tum</strong></span> <span class='ocrx_word' id='word_1_70' title='bbox 620 2683 803 2750; x_wconf 85' lang='lat' dir='ltr'><strong>Mercurius</strong></span> <span class='ocrx_word' id='word_1_71' title='bbox 826 2685 939 2752; x_wconf 78' lang='lat' dir='ltr'><strong>Sosiae</strong></span> <span class='ocrx_word' id='word_1_72' title='bbox 961 2685 1067 2751; x_wconf 80' lang='lat' dir='ltr'><strong>iratus</strong></span> <span class='ocrx_word' id='word_1_73' title='bbox 1089 2684 1164 2751; x_wconf 83' lang='lat' dir='ltr'><strong>sicii</strong></span> <span class='ocrx_word' id='word_1_74' title='bbox 1230 2673 1235 2678; x_wconf 43' lang='lat'>⁵</span> 
     </span>
     <span class='ocr_line' id='line_1_22' title="bbox 717 2792 832 2860; baseline 0 -2"><span class='ocrx_word' id='word_1_75' title='bbox 717 2792 832 2860; x_wconf 81' lang='lat' dir='ltr'><strong>Sosia</strong></span> 
     </span>
     <span class='ocr_line' id='line_1_23' title="bbox 208 2901 1250 2988; baseline -0.004 -18"><span class='ocrx_word' id='word_1_76' title='bbox 208 2905 361 2971; x_wconf 82' lang='lat' dir='ltr'><strong>Animum</strong></span> <span class='ocrx_word' id='word_1_77' title='bbox 383 2903 537 2984; x_wconf 80' lang='lat' dir='ltr'><strong>eduorbe3</strong></span> <span class='ocrx_word' id='word_1_78' title='bbox 560 2923 648 2968; x_wconf 90' lang='lat' dir='ltr'><strong>nunc</strong></span> <span class='ocrx_word' id='word_1_79' title='bbox 669 2901 749 2968; x_wconf 79' lang='lat' dir='ltr'><strong>licet</strong></span> <span class='ocrx_word' id='word_1_80' title='bbox 769 2903 850 2968; x_wconf 90' lang='lat' dir='ltr'><strong>mihi</strong></span> <span class='ocrx_word' id='word_1_81' title='bbox 871 2902 974 2969; x_wconf 86' lang='lat' dir='ltr'><strong>libere</strong></span> <span class='ocrx_word' id='word_1_82' title='bbox 997 2902 1128 2988; x_wconf 87' lang='lat' dir='ltr'><strong>quiduis</strong></span> <span class='ocrx_word' id='word_1_83' title='bbox 1150 2901 1250 2987; x_wconf 90' lang='lat' dir='ltr'><strong>loqui.</strong></span> 
     </span>
     <span class='ocr_line' id='line_1_24' title="bbox 209 3010 897 3097; baseline -0.006 -17"><span class='ocrx_word' id='word_1_84' title='bbox 209 3013 455 3097; x_wconf 79' lang='lat' dir='ltr'><strong>Amphitruonis</strong></span> <span class='ocrx_word' id='word_1_85' title='bbox 477 3031 537 3094; x_wconf 84' lang='lat' dir='ltr'><strong>ego</strong></span> <span class='ocrx_word' id='word_1_86' title='bbox 561 3033 633 3077; x_wconf 91' lang='lat' dir='ltr'><strong>sum</strong></span> <span class='ocrx_word' id='word_1_87' title='bbox 656 3031 770 3078; x_wconf 89' lang='lat' dir='ltr'><strong>seruos</strong></span> <span class='ocrx_word' id='word_1_88' title='bbox 793 3010 897 3077; x_wconf 76' lang='lat' dir='ltr'><strong>Sosia.</strong></span> 
     </span>
     <span class='ocr_line' id='line_1_25' title="bbox 661 3119 886 3187; baseline 0.004 -2"><span class='ocrx_word' id='word_1_89' title='bbox 661 3119 886 3187; x_wconf 87' lang='lat' dir='ltr'><strong>Mercurius</strong></span> 
     </span>
     <span class='ocr_line' id='line_1_26' title="bbox 927 3227 1340 3295; baseline -0.002 -3"><span class='ocrx_word' id='word_1_90' title='bbox 927 3227 1038 3294; x_wconf 80' lang='lat' dir='ltr'><strong>Etiam</strong></span> <span class='ocrx_word' id='word_1_91' title='bbox 1060 3227 1191 3295; x_wconf 81' lang='lat' dir='ltr'><strong>donno?</strong></span> <span class='ocrx_word' id='word_1_92' title='bbox 1287 3237 1340 3291; x_wconf 76' lang='lat'><strong>890</strong></span> 
     </span>
     <span class='ocr_line' id='line_1_27' title="bbox 716 3336 831 3404; baseline -0.017 0"><span class='ocrx_word' id='word_1_93' title='bbox 716 3336 831 3404; x_wconf 83' lang='lat' dir='ltr'><strong>Sosis</strong></span> 
     </span>
     <span class='ocr_line' id='line_1_28' title="bbox 209 3446 865 3529; baseline -0.012 -11"><span class='ocrx_word' id='word_1_94' title='bbox 209 3453 329 3518; x_wconf 85' lang='lat' dir='ltr'><strong>Pecom</strong></span> <span class='ocrx_word' id='word_1_95' title='bbox 351 3448 424 3529; x_wconf 86' lang='lat' dir='ltr'><strong>feci,</strong></span> <span class='ocrx_word' id='word_1_96' title='bbox 446 3446 562 3514; x_wconf 83' lang='lat' dir='ltr'><strong>foedus</strong></span> <span class='ocrx_word' id='word_1_97' title='bbox 584 3446 656 3528; x_wconf 85' lang='lat' dir='ltr'><strong>feei,</strong></span> <span class='ocrx_word' id='word_1_98' title='bbox 678 3467 760 3512; x_wconf 84' lang='lat' dir='ltr'><strong>uera</strong></span> <span class='ocrx_word' id='word_1_99' title='bbox 781 3446 865 3512; x_wconf 86' lang='lat' dir='ltr'><strong>dico.</strong></span> 
     </span>
     <span class='ocr_line' id='line_1_29' title="bbox 662 3555 885 3621; baseline -0.004 0"><span class='ocrx_word' id='word_1_100' title='bbox 662 3555 885 3621; x_wconf 85' lang='lat' dir='ltr'><strong>Mercurius</strong></span> 
     </span>
     <span class='ocr_line' id='line_1_30' title="bbox 889 3662 1215 3747; baseline 0 -19"><span class='ocrx_word' id='word_1_101' title='bbox 889 3662 1028 3747; x_wconf 81' lang='lat' dir='ltr'><strong>Uspula.</strong></span> <span class='ocrx_word' id='word_1_102' title='bbox 1087 3712 1090 3720; x_wconf 84' lang='lat'>.</span> <span class='ocrx_word' id='word_1_103' title='bbox 1210 3685 1215 3696; x_wconf 94' lang='lat'><em>·</em></span> 
     </span>
     <span class='ocr_line' id='line_1_31' title="bbox 719 3773 833 3838; baseline -0.009 0"><span class='ocrx_word' id='word_1_104' title='bbox 719 3773 833 3838; x_wconf 78' lang='lat' dir='ltr'><strong>Sosis</strong></span> 
     </span>
     <span class='ocr_line' id='line_1_32' title="bbox 209 3878 1307 3968; baseline -0.008 -15"><span class='ocrx_word' id='word_1_105' title='bbox 209 3887 255 3954; x_wconf 81' lang='lat' dir='ltr'><strong>Ut</strong></span> <span class='ocrx_word' id='word_1_106' title='bbox 276 3885 378 3965; x_wconf 78' lang='lat' dir='ltr'><strong>lubet,</strong></span> <span class='ocrx_word' id='word_1_107' title='bbox 402 3885 490 3968; x_wconf 88' lang='lat' dir='ltr'><strong>quod</strong></span> <span class='ocrx_word' id='word_1_108' title='bbox 511 3883 572 3950; x_wconf 80' lang='lat' dir='ltr'><strong>tibi</strong></span> <span class='ocrx_word' id='word_1_109' title='bbox 594 3883 686 3950; x_wconf 76' lang='lat' dir='ltr'><strong>lubet</strong></span> <span class='ocrx_word' id='word_1_110' title='bbox 707 3883 769 3964; x_wconf 82' lang='lat' dir='ltr'><strong>fec,</strong></span> <span class='ocrx_word' id='word_1_111' title='bbox 793 3880 947 3968; x_wconf 81' lang='lat' dir='ltr'><strong>qnoniam</strong></span> <span class='ocrx_word' id='word_1_112' title='bbox 968 3881 1087 3964; x_wconf 86' lang='lat' dir='ltr'><strong>pugnis</strong></span> <span class='ocrx_word' id='word_1_113' title='bbox 1109 3878 1182 3962; x_wconf 87' lang='lat' dir='ltr'><strong>plus</strong></span> <span class='ocrx_word' id='word_1_114' title='bbox 1205 3879 1307 3944; x_wconf 76' lang='lat' dir='ltr'><strong>uoles.</strong></span> 
     </span>
     <span class='ocr_line' id='line_1_33' title="bbox 210 3986 1337 4077; baseline -0.008 -16"><span class='ocrx_word' id='word_1_115' title='bbox 210 3992 333 4062; x_wconf 86' lang='lat' dir='ltr'><strong>Uerum</strong></span> <span class='ocrx_word' id='word_1_116' title='bbox 357 3998 433 4059; x_wconf 73' lang='lat' dir='ltr'><strong>nint</strong></span> <span class='ocrx_word' id='word_1_117' title='bbox 455 4013 489 4057; x_wconf 89' lang='lat' dir='ltr'><strong>es</strong></span> <span class='ocrx_word' id='word_1_118' title='bbox 511 3992 674 4074; x_wconf 80' lang='lat' dir='ltr'><strong>facturus,</strong></span> <span class='ocrx_word' id='word_1_119' title='bbox 697 3992 761 4058; x_wconf 89' lang='lat' dir='ltr'><strong>hoc</strong></span> <span class='ocrx_word' id='word_1_120' title='bbox 783 3991 916 4077; x_wconf 88' lang='lat' dir='ltr'><strong>quidem</strong></span> <span class='ocrx_word' id='word_1_121' title='bbox 937 3989 1047 4056; x_wconf 87' lang='lat' dir='ltr'><strong>hercle</strong></span> <span class='ocrx_word' id='word_1_122' title='bbox 1075 3986 1164 4054; x_wconf 80' lang='lat' dir='ltr'><strong>haud</strong></span> <span class='ocrx_word' id='word_1_123' title='bbox 1190 3987 1337 4054; x_wconf 75' lang='lat' dir='ltr'><strong>reticebo</strong></span> 
     </span>
     <span class='ocr_line' id='line_1_34' title="bbox 927 4106 1048 4166; baseline -0.033 0"><span class='ocrx_word' id='word_1_124' title='bbox 927 4106 1048 4166; x_wconf 79' lang='lat' dir='ltr'><strong>tumen.</strong></span> 
     </span>
    </p>
   </div>
   <div class='ocr_carea' id='block_1_3' title="bbox 212 4243 415 4254">
    <p class='ocr_par' dir='ltr' id='par_1_3' title="bbox 212 4243 415 4254">
     <span class='ocr_line' id='line_1_35' title="bbox 212 4243 415 4254; baseline -0.015 0"><span class='ocrx_word' id='word_1_125' title='bbox 212 4243 415 4254; x_wconf 56' lang='grc' dir='ltr'>...ι-»-</span> 
     </span>
    </p>
   </div>
   <div class='ocr_carea' id='block_1_4' title="bbox 245 4311 954 4404">
    <p class='ocr_par' dir='ltr' id='par_1_4' title="bbox 245 4311 954 4404">
     <span class='ocr_line' id='line_1_36' title="bbox 245 4311 954 4404; baseline -0.016 -13"><span class='ocrx_word' id='word_1_126' title='bbox 245 4311 249 4318; x_wconf 82' lang='lat'>&#39;</span> <span class='ocrx_word' id='word_1_127' title='bbox 278 4338 329 4392; x_wconf 78' lang='lat' dir='ltr'><strong>ser</strong></span> <span class='ocrx_word' id='word_1_128' title='bbox 346 4335 441 4390; x_wconf 71' lang='lat' dir='ltr'><strong>niceo</strong></span> <span class='ocrx_word' id='word_1_129' title='bbox 460 4336 484 4390; x_wconf 77' lang='lat' dir='ltr'><strong>u</strong></span> <span class='ocrx_word' id='word_1_130' title='bbox 501 4335 569 4404; x_wconf 82' lang='lat' dir='ltr'><strong>quid</strong></span> <span class='ocrx_word' id='word_1_131' title='bbox 586 4335 629 4388; x_wconf 74' lang='lat' dir='ltr'><strong>uo</strong></span> <span class='ocrx_word' id='word_1_132' title='bbox 697 4335 748 4388; x_wconf 77' lang='lat' dir='ltr'><strong>ses</strong></span> <span class='ocrx_word' id='word_1_133' title='bbox 766 4332 833 4402; x_wconf 73' lang='lat' dir='ltr'><strong>qur</strong></span> <span class='ocrx_word' id='word_1_134' title='bbox 950 4371 954 4379; x_wconf 92' lang='lat'>.</span> 
     </span>
    </p>
   </div>
   <div class='ocr_carea' id='block_1_5' title="bbox 0 0 1508 5054">
    <p class='ocr_par' dir='ltr' id='par_1_5' title="bbox 0 0 1508 5054">
     <span class='ocr_line' id='line_1_37' title="bbox 0 0 1508 5054; baseline 0 0"><span class='ocrx_word' id='word_1_135' title='bbox 0 0 1508 5054; x_wconf 95' lang='lat' dir='ltr'><strong> </strong></span> 
     </span>
    </p>
   </div>
  </div>
 </body>
</html>
