2992 5054
487 1569 819 1652 saetosus.

538 1776 771 1842 Mercurius.

127 1910 176 1976 Ut
196 1931 255 1974 uos
278 1911 311 1974 in
333 1909 455 1974 uostris
478 1909 578 1974 uoltis
599 1909 822 1974 mercimoniis

127 2018 288 2084 Emundis
309 2017 559 2102 uendundisque
581 2039 633 2082 me
655 2017 779 2084 laetum
800 2018 902 2084 lucris

127 2126 277 2192 Adficere
300 2133 399 2210 atque
422 2126 580 2192 adiuuare
601 2127 636 2190 in
658 2127 758 2192 rebus
780 2126 941 2207 omnibus,

126 2236 173 2302 Et
194 2242 305 2301 utres
328 2237 539 2320 rationesque
561 2240 750 2300 uestrorum
772 2235 916 2300 omnium

127 2343 218 2409 Bene
240 2365 289 2409 me
311 2343 465 2427 expedire
487 2343 587 2408 uoltis
609 2345 804 2428 peregrique
827 2348 861 2408 et
886 2341 974 2408 domi
1223 2347 1240 2402 ὅ

127 2451 288 2533 Bonoque
310 2459 410 2536 atque
433 2452 542 2535 amplo
565 2458 701 2516 auctare
722 2457 882 2536 perpetuo
905 2451 998 2516 lucro

128 2559 283 2642 Quasque
304 2561 475 2644 incepistis
498 2581 552 2626 res
575 2581 723 2645 quasque
744 2559 967 2643 inceptebitis

126 2668 173 2734 Et
193 2670 242 2734 uti
264 2669 360 2734 bonis
382 2689 441 2734 uos
463 2674 660 2753 nostrosque
683 2669 788 2734 omnis
806 2667 935 2752 nuntiis

126 2777 181 2842 Me
205 2777 347 2843 adficere
369 2776 478 2856 uoltis,
502 2797 542 2842 ea
564 2783 601 2842 ut
622 2775 778 2857 adferam,
803 2797 843 2840 ee
865 2782 902 2841 ut
924 2777 1080 2857 nuntiem,

127 2885 221 2964 Quae
243 2907 393 2951 maxume
415 2886 449 2950 in
471 2907 541 2950 rem
562 2891 712 2952 uestram
734 2906 937 2950 communem
960 2885 1046 2950 sient
1067 2919 1110 2930 —
1208 2891 1241 2942 10

126 2994 213 3059 Nam
234 3015 294 3058 uos
316 2993 448 3077 quidem
469 2993 504 3060 id
526 2994 593 3059 iam
615 2993 707 3059 scitis
731 3014 924 3058 eoncessum
946 2998 980 3057 st
1002 2991 1116 3058 datum

126 3101 209 3168 Mihi
231 3123 303 3168 esse
326 3103 369 3168 ab
392 3102 442 3168 dis
465 3102 549 3182 aliis,
571 3102 695 3168 nuntiis
717 3102 862 3185 praesim
883 3108 917 3168 et
938 3103 1032 3168 lucro
1054 3135 1096 3146 -
1163 3121 1171 3132 ·

127 3211 219 3276 Haec
240 3217 278 3276 ut
299 3232 352 3276 me
374 3210 473 3276 uoltis
495 3210 690 3294 adprobare,
714 3210 866 3291 adnitier‚

125 3317 269 3385 Lucrum
290 3325 328 3384 ut
349 3339 492 3402 perenne
514 3318 609 3384 uobis
633 3340 762 3402 semper
785 3324 949 3402 suppetat,

125 3427 180 3493 Ita
200 3427 277 3492 huic
299 3425 431 3492 facietis
452 3426 586 3494 fabulae
609 3427 784 3507 silentium,

127 3536 244 3619 Itaque
268 3536 365 3619 aequi
389 3541 422 3601 et
443 3536 522 3601 iusti
543 3535 598 3600 hic
621 3537 714 3600 eritis
737 3555 850 3601 omnes
874 3533 1001 3600 arbitri.

126 3644 222 3710 Nunc
245 3645 362 3726 quoius
383 3645 474 3710 iussu
496 3645 592 3710 uenio
616 3649 650 3708 et
671 3664 771 3727 quam
793 3643 926 3708 obrem
947 3641 1103 3720 necerim,

125 3753 252 3832 Dicam,
276 3752 436 3834 simulque
458 3752 529 3835 ipse
551 3752 688 3834 eloquar
709 3771 829 3818 nomen
847 3771 963 3815 meum.

126 3861 217 3926 Iouis
239 3862 330 3926 iussu
352 3861 464 3940 uenic;
487 3881 607 3926 nomen
628 3860 827 3926 Msrcuriost
847 3858 936 3924 mihi.

126 3967 227 4033 Pater
249 3968 313 4033 huc
335 3988 387 4033 me
409 3968 499 4034 misit
520 3967 563 4034 ad
584 3989 644 4034 uos
667 3974 797 4033 oratum
819 3987 921 4046 meus,

127 4076 273 4142 Tametsi
295 4097 356 4160 pro
377 4077 514 4161 imperio
535 4077 630 4142 uobis
653 4075 742 4159 quod
764 4075 888 4142 dietum
909 4073 996 4140 foret

127 4183 242 4253 Scibat
263 4182 420 4267 facturos,
443 4186 564 4270 qnippe
587 4186 643 4270 qui
664 4185 875 4251 intellexerat

198 4421 214 4472 5
232 4436 275 4472 me
293 4434 342 4474 orn.
397 4421 413 4472 9
431 4436 464 4472 es
481 4417 603 4472 edietum
657 4419 689 4470 19
706 4417 837 4471 Mercurii
855 4422 903 4471 est.
