2960 5038
243 489 305 551 242
718 483 895 553 Amphitruo.

242 677 407 757 perfidiam,
430 676 482 736 sed
504 678 683 737 iniustitiam
706 680 876 755 vituperari
900 677 1017 737 debere.
1051 677 1113 736 Nec
1131 681 1196 736 reri
1214 678 1301 736 simile
1318 683 1371 735 est

244 801 310 855 eoe,
332 799 425 858 penes
448 799 522 857 quoe
544 781 702 839 arbitrium
730 781 820 840 huius
848 783 893 839 rei
921 786 1011 854 esset,
1035 780 1073 840 ab
1095 781 1241 840 histrione
1260 780 1373 840 talibus

242 883 343 944 verbis
365 883 557 961 compellatos
580 903 652 942 esse.
696 883 791 943 Porro
823 882 954 942 ambitus
981 885 1030 942 lex
1056 903 1116 942 non
1144 884 1184 942 ad
1211 903 1274 942 eum
1298 903 1371 960 per-

243 991 335 1060 tinet,
366 990 418 1062 qui
447 986 574 1045 comitiis
601 991 725 1063 praeest,
755 985 806 1044 sed
837 985 1042 1063 adpetitores
1066 1005 1229 1064 eorumque
1251 989 1371 1046 amicos.

244 1089 356 1162 Quare,
381 1090 406 1146 si
429 1087 561 1148 edilium
583 1089 726 1149 iudicium
748 1089 820 1162 fuit,
844 1109 904 1148 non
927 1109 978 1148 eos
1000 1087 1160 1167 perfidiose
1183 1095 1299 1165 agentes
1317 1089 1371 1146 lex

245 1195 390 1264 coercuit,
419 1191 471 1250 sed
499 1192 576 1250 alios
603 1190 765 1269 perfidiose
793 1194 919 1268 gratim
948 1212 1051 1252 eorum
1080 1197 1248 1268 captantes,
1276 1211 1372 1268 neque

245 1295 347 1354 {ediles
374 1314 430 1371 pro
459 1294 592 1353 subiecto
621 1295 710 1354 buius
738 1298 896 1354 sententia
930 1315 994 1354 esse
1020 1300 1164 1372 possunt,
1194 1294 1246 1354 sed
1271 1298 1370 1372 potius

243 1416 300 1473 pro
319 1396 445 1456 obiecto.
479 1397 544 1456 Hoc
562 1396 655 1470 fieret,
679 1401 706 1456 ei
728 1417 783 1475 pro
809 1395 931 1470 ,duint“
957 1398 1109 1475 legeretur
1135 1397 1211 1470 ,sibi
1236 1397 1370 1457 concilia·

244 1497 364 1558 uerint“
397 1505 449 1558 aut
476 1501 574 1559 simile
603 1500 685 1577 quid.
730 1499 816 1572 Quod
849 1519 948 1576 quum.
974 1501 1058 1559 nulla
1090 1505 1265 1562 coniectura
1294 1499 1371 1558 effici

243 1623 332 1681 posse
354 1602 504 1674 videatur,
529 1601 696 1660 abiicienda
723 1609 768 1661 eet
794 1604 854 1662 iste
882 1603 1051 1663 emendatio
1075 1600 1262 1677 (,aediles“),
1285 1622 1372 1679 quam
1460 1661 1461 1664 ,

243 1711 354 1784 praeter
380 1706 557 1764 facilitatem
586 1704 661 1762 nihil
689 1705 883 1764 commendat.
928 1705 1034 1783 Itaque
1063 1707 1123 1766 alia
1148 1707 1201 1766 via
1222 1709 1371 1780 ingressus

246 1810 379 1886 corrupti
416 1806 553 1868 vocabuli
592 1801 742 1867 audibiles
779 1810 912 1884 priorem
950 1814 1069 1886 partem
1102 1829 1140 1868 ex
1171 1807 1373 1886 dittograpbia

245 1911 449 1971 antecedentia
471 1929 536 1968 voa.
563 1907 673 1982 ,adeo“
706 1915 803 1969 ortam
832 1910 995 1971 arbitratus
1022 1905 1101 1972 biles
1129 1912 1294 1971 scribebam
1315 1909 1370 1980 rel,

245 2035 283 2073 ne
304 2014 432 2092 pluralis
454 2033 595 2072 numerus
616 2014 648 2070 in
670 2011 727 2070 hoc
748 2032 810 2072 voc.
835 2011 1011 2087 offenderet,
1035 2009 1144 2088 bilcm3
1171 2015 1281 2088 ,bilem
1302 2012 1373 2070 dare
1462 2053 1463 2056 ,

247 2113 354 2176 alicui“
382 2121 481 2174 autem
504 2115 578 2174 nibil
601 2115 721 2174 differre
743 2115 901 2174 videbatur
924 2116 962 2175 ab
988 2135 1033 2188 eo,
1058 2117 1139 2194 quod
1161 2117 1253 2194 vulgo
1275 2115 1375 2174 dicunt

250 2218 360 2292 ,bilem
382 2215 532 2276 movere“.
577 2217 681 2276 Totius
710 2217 768 2276 loci
794 2218 991 2278 conformatio
1014 2239 1049 2277 ea
1072 2225 1130 2292 est,
1153 2224 1190 2277 ut
1212 2217 1249 2277 de
1271 2217 1373 2276 iisdem

247 2320 415 2380 bominibus
455 2323 503 2397 agi
544 2325 704 2398 appareat,
740 2321 776 2378 de
809 2320 976 2380 fautoribus
1010 2324 1190 2398 importunis
1228 2321 1374 2395 variisque

248 2423 424 2497 rationibus,
445 2422 552 2499 quibus
569 2423 717 2495 histrioni,
738 2427 785 2481 oui
804 2423 912 2494 favent,
931 2424 1064 2501 palmam
1080 2443 1253 2502 comparare
1271 2441 1373 2481 eonan·

250 2532 310 2584 tur.
354 2525 406 2585 Fit
429 2531 528 2584 autem
549 2524 605 2584 hoc
628 2524 804 2602 dupliciter,
834 2531 887 2584 aut
914 2525 1085 2601 ambiendo,
1114 2529 1139 2586 si
1170 2525 1319 2585 laudando
1346 2528 1375 2580 et

249 2627 399 2706 precando
429 2647 513 2686 suum
543 2631 671 2686 amicum
700 2629 824 2687 alterius
852 2629 949 2687 favori
977 2635 1009 2687 et
1032 2633 1137 2708 gratiae
1160 2627 1373 2698 commendant,

250 2735 302 2790 aut
324 2731 474 2793 contrario
503 2731 593 2789 modo
618 2727 805 2807 perfidiose,
830 2734 856 2789 si
878 2733 909 2790 in
931 2734 1057 2792 rivalem
1079 2734 1143 2791 eius
1166 2735 1241 2791 iram
1263 2735 1374 2809 specta·

249 2838 349 2892 torum
376 2838 507 2892 movent.
552 2833 719 2911 Utrumque
754 2834 857 2893 eadem
886 2835 951 2912 lege
979 2835 1141 2912 eademque
1167 2855 1256 2912 poena
1281 2831 1374 2892 vindi-

250 2935 376 2994 candum
405 2939 458 2992 est.
503 2934 595 2994 Aliud
618 2933 756 2994 Gertzius
782 2943 996 3015 proposuerat:
1035 2937 1124 3012 „Siue
1151 2937 1226 2996 adeo
1255 2936 1375 2996 odibiles

248 3036 409 3116 perfidiose
437 3037 509 3114 quid
538 3035 654 3112 duint“,
678 3039 697 3097 i.
721 3059 747 3097 e.
771 3038 838 3098 Sive
861 3040 935 3098 adeo
958 3039 1054 3099 odiosi
1079 3041 1130 3100 isti
1152 3040 1287 3100 homines
1310 3039 1375 3096 doni

250 3145 302 3201 aut
319 3129 458 3219 'pecunia
482 3141 597 3218 aliquid
621 3140 766 3200 dederint.

336 3245 386 3302 73.
411 3237 587 3320 Sirempsc,
611 3248 631 3303 i.
656 3263 681 3302 e.
705 3245 838 3305 eandem.
884 3244 1027 3304 Formula
1049 3249 1080 3304 in
1103 3245 1236 3321 antiquis
1261 3243 1375 3318 legibus

249 3345 389 3423 frequens
421 3347 564 3424 „siremps
591 3346 639 3405 lex
663 3351 741 3420 esto,
766 3348 852 3423 quasi
875 3345 976 3420 cett.“,
1000 3348 1062 3408 vid.
1085 3347 1151 3406 Ind.
1175 3347 1264 3424 Gorp.
1287 3346 1374 3404 Inecr.

249 3449 315 3509 Lat.
339 3449 368 3524 I,
392 3469 422 3526 p.
449 3453 519 3511 595.
565 3449 785 3509 Commemorat
806 3453 895 3509 etiam
917 3448 1025 3509 Festus
1046 3471 1077 3528 p.
1102 3451 1178 3524 344,
1204 3451 1265 3526 qni,
1290 3469 1376 3526 quum

249 3573 356 3631 parum
378 3545 507 3612 feliciter
530 3555 674 3630 originem
697 3555 779 3612 vocis
802 3553 945 3630 explicet,
969 3553 1046 3612 illud
1066 3558 1167 3612 tamen
1189 3557 1270 3612 reate
1292 3553 1375 3610 intel·

249 3655 336 3728 laxit,
360 3657 559 3733 posteriorem
587 3659 669 3714 vocis
698 3661 816 3733 partem
838 3675 904 3714 esee
925 3674 1091 3731 pronomen
1115 3677 1143 3733 q.
1167 3677 1192 3714 e.
1216 3660 1294 3732 ipse,
1318 3675 1376 3714 rec·

248 3763 339 3834 teque
362 3758 509 3836 Scaliger,
540 3757 578 3816 ad
608 3777 696 3833 quem
724 3758 789 3817 laus
816 3759 950 3836 pertinet
979 3759 1066 3818 huius
1098 3779 1203 3818 versus
1236 3761 1375 3830 restituti,

250 3881 287 3918 ex
309 3861 462 3920 codicibus
485 3861 636 3920 Plautinis
659 3877 675 3920 e
697 3859 785 3920 finale
808 3863 949 3935 retinuit,
978 3867 1013 3920 ut
1040 3863 1109 3922 huic
1138 3881 1258 3939 quoque
1279 3861 1376 3918 forma

251 3983 310 4022 non
338 3966 436 4022 minus
466 3984 555 4041 quam
584 3979 726 4040 eumpse,
757 3978 895 4040 eampse,
925 3979 941 4022 e
969 3964 1107 4039 adderet,
1143 3964 1223 4041 quod
1255 3968 1377 4022 metrum

249 4066 374 4143 flagitat.
398 4097 441 4108 -
467 4068 518 4126 74.
546 4063 645 4144 Quasi
666 4062 897 4144 magistratum.
942 4067 1054 4127 Versus
1079 4088 1097 4126 a
1117 4068 1375 4144 proceleusmatico

249 4171 365 4247 incipit,
383 4189 411 4228 v.
428 4190 458 4247 p.
481 4172 551 4229 181.
585 4170 697 4229 Mirller
719 4169 828 4242 ,Quasi
846 4168 1017 4244 sibimag.“
1037 4168 1175 4229 malebat.
1214 4164 1376 4230 ambiuetfl

250 4275 402 4330 sisarum
430 4278 489 4345 est,
518 4272 699 4332 audiendum
721 4291 777 4348 pro
800 4273 934 4332 subiecto
961 4271 1119 4350 ,aliquis“,
1144 4273 1226 4350 quod
1247 4277 1316 4350 post
1335 4277 1375 4330 tot

249 4375 381 4452 pluralia
402 4376 453 4432 vix
474 4377 538 4433 reri
560 4376 656 4432 simile
675 4381 732 4447 est3
757 4371 947 4434 ambiuert'rti
964 4375 1179 4434 emendandum
1197 4375 1326 4448 ridetur,
1346 4381 1374 4433 ut
