2956 5018
107 467 333 571 00000-ιο0
601 501 737 558 Lassa
1171 506 1231 570 121

578 690 756 759 Libanus

298 801 370 884 Ego
392 800 512 868 fecero.
544 801 638 882 Hem,
662 801 742 885 quid
763 801 851 866 istuo
873 801 946 866 est?
967 806 1005 866 ut
1026 805 1065 866 tu
1085 799 1233 868 incedis?

105 908 241 976 Damam
261 908 373 976 hercle
394 909 462 976 iam
484 909 525 976 de
547 909 682 988 hordeo,
704 909 837 975 tolutim
858 909 893 974 ni
910 909 1071 976 ledisset.

541 1018 794 1102 Argyrippus

103 1125 239 1208 amabo,
261 1124 396 1207 Libane,
417 1127 485 1192 iam
507 1131 560 1192 sat
582 1131 643 1192 est.

573 1233 757 1314 'Libanus

528 1341 715 1424 Numquam
736 1339 848 1406 hercle
870 1339 969 1406 hodie
992 1340 1159 1424 exorabis3
1182 1351 1235 1405 700

103 1445 186 1515 Nam
208 1451 276 1514 iem
299 1449 423 1514 calami
444 1449 657 1533 quadrupedo
681 1447 816 1530 agitabo
839 1447 1018 1514 aduersum
1040 1425 1169 1531 cliuum,

103 1554 224 1623 Postea
248 1562 277 1621 te
298 1557 342 1622 ad
364 1557 505 1642 pistores
527 1555 625 1638 dabo,
647 1562 686 1622 ut
706 1556 754 1622 ibi
776 1556 923 1622 cruciere
946 1575 1091 1622 currens.

102 1667 182 1732 Asta
208 1670 250 1730 nt
277 1664 475 1730 descendam
502 1683 590 1730 nunc
617 1655 748 1729 iamin
773 1664 927 1748 procliui,
955 1684 1156 1748 quamquam
1177 1685 1235 1732 ne·

823 1791 922 1854 quam
944 1791 989 1836 es.

543 1879 795 1964 Argyrippus

103 1989 211 2069 Quid?
233 2009 322 2055 nuno
344 1987 499 2070 quoniam
521 1985 618 2054 ambo
640 1992 678 2053 ut
700 1993 752 2052 est
772 1986 915 2052 lubitum
934 2007 996 2052 nos
1018 1985 1196 2070 delusistis,

101 2097 241 2164 Datisne
263 2094 463 2178 argentum?

578 2200 758 2268 Libanus

387 2309 422 2376 Si
445 2309 578 2397 quidem
599 2309 679 2374 mihi
702 2313 848 2374 statuam
871 2313 1019 2376 staram
1041 2310 1161 2378 statuis
1183 2321 1236 2376 700

104 2419 210 2504 Atque
232 2424 272 2485 ut
294 2417 356 2486 deo
378 2417 459 2484 mihi
480 2418 535 2484 hic
556 2416 697 2485 immolas
718 2417 853 2498 bouem3
874 2439 952 2482 nam
975 2439 1036 2503 ego
1057 2417 1120 2484 tibi
1139 2417 1235 2486 Salus

826 2547 908 2592 sum.

582 2631 762 2699 Leonida

106 2741 217 2812 Etiam
236 2750 288 2824 tu,
311 2763 381 2824 ere,
402 2743 512 2807 istunc
538 2761 672 2806 amoues
701 2740 760 2806 abs
787 2745 822 2806 te
849 2744 950 2824 atque
974 2741 1083 2826 ipsum
1104 2763 1156 2809 me
1177 2743 1238 2810 ad·

826 2848 964 2931 gredere

107 2959 213 3044 Atque
235 2959 303 3042 illa,
326 2957 389 3024 sibi
411 2977 495 3040 quae
512 2955 566 3020 hic
582 2955 732 3036 iusserat,
750 2955 830 3022 mihi
846 2957 965 3023 statuis
983 2957 1237 3042 supplicesque?

547 3062 797 3148 Argyrippus

109 3173 212 3253 Quem
233 3179 268 3240 te
291 3174 389 3240 deum
412 3177 523 3238 autem
543 3171 732 3236 nominem?

584 3279 763 3346 Leonida

648 3387 838 3468 Fortunam,
861 3393 962 3474 atque
984 3385 1236 3472 Obsequentem.

548 3495 798 3580 Argyrippus

111 3600 177 3669 Iam
198 3605 284 3670 istoc
306 3623 341 3670 es
363 3603 488 3670 melior.

586 3711 764 3778 Libanus

494 3819 546 3883 An
569 3818 648 3903 quid
670 3825 720 3885 est
741 3819 866 3885 homim'
888 3817 1003 3885 Salute
1024 3817 1165 3884 melius?
1187 3829 1241 3882 710

549 3926 798 4012 Argyrippus

19 4066 23 4075 =
112 4031 204 4102 Licet
225 4034 357 4101 laudem
378 4034 560 4100 Fortunam
581 4040 701 4116 tamen,
723 4041 762 4102 ut
783 4057 825 4101 ne
847 4035 995 4102 Salutem
1017 4034 1156 4120 culpem.

115 4203 317 4216 *n—

177 4289 230 4344 699
246 4287 359 4343 badizas
410 4290 463 4343 700
479 4293 508 4343 te
525 4303 576 4344 om.
630 4291 682 4344 704
699 4289 800 4343 amabo
817 4293 850 4343 nt
898 4291 950 4344 707
967 4288 1028 4358 ipse
1076 4291 1128 4345 700
1146 4293 1240 4345 autem

116 4369 194 4428 deum
262 4374 314 4428 710
330 4377 374 4430 est
392 4373 460 4428 olim
475 4373 584 4429 homini
