2960 5038
555 505 589 560 V.
606 509 751 562 sol-814.
1158 513 1220 574 267

41 721 216 760 somnum
246 702 412 781 paraveris,
435 721 504 760 nam
525 701 613 760 nimis
636 700 689 761 diu
711 697 1004 776 vigilavit—tle.
1029 700 1122 761 codd.
1147 701 1220 760 etB

42 809 76 860 st
103 805 246 862 ceteri:
275 803 414 878 „mu
438 802 560 863 Pessum
584 809 639 862 est.

40 903 193 964 SOSIA.
224 905 360 966 Facinus
381 906 519 984 nequiter
543 903 618 964 etc.“

42 1007 168 1067 Facile
200 1013 341 1088 apparet
356 1027 461 1066 versus
480 1009 627 1068 311-12
645 1029 663 1066 a
680 1007 831 1067 Mercurio
848 1010 1038 1085 pronuntiari
1055 1027 1221 1086 nomenque

42 1108 156 1168 Sosiae
196 1131 310 1170 errore
336 1110 456 1169 librarii
484 1110 533 1168 hio
554 1111 687 1190 positum
710 1129 788 1184 esse,
812 1130 904 1188 quum
926 1113 1027 1170 versui
1050 1113 1111 1171 313
1136 1117 1220 1171 ante·

43 1213 133 1288 poni
164 1211 318 1272 deberet.
354 1211 412 1272 Sed
436 1217 540 1272 contra
562 1212 697 1272 codicum
720 1215 931 1272 anctoritatem
953 1232 1013 1272 non
1036 1215 1132 1273 ausim
1154 1234 1221 1273 cum

44 1312 228 1393 Scioppio
245 1320 277 1374 et
293 1315 340 1374 Fl.
361 1312 535 1392 „pessume“
556 1315 685 1374 scribere
706 1316 798 1392 idque
821 1315 921 1374 deleto
943 1335 1078 1393 personas
1100 1319 1220 1376 nomine
1308 1377 1311 1382 ,

46 1435 128 1474 cum
164 1415 395 1495 „pervigilaui“
421 1419 612 1492 coniungere,
636 1419 803 1496 prasertim
820 1437 912 1495 quum
928 1421 1067 1498 proxima
1086 1419 1221 1499 expediri

49 1525 248 1595 nequeant.
294 1519 417 1578 Rectius
450 1521 568 1597 antiqui
601 1519 746 1579 editores:
784 1515 971 1581 Pessumam
1004 1523 1053 1581 est
1083 1519 1220 1600 facinus

49 1620 271 1696 Mercurius,
295 1622 377 1700 quod
398 1641 495 1700 nuper
516 1629 716 1700 proposuerat
743 1623 900 1682 consilium
925 1625 1045 1683 tractim
1063 1625 1220 1699 tangendi,

53 1722 90 1780 id
109 1725 191 1783 iam
213 1725 300 1802 quasi
318 1725 407 1783 nimis
428 1724 580 1802 placidum
603 1727 754 1803 improbat
774 1727 996 1803 pessimumque
1019 1725 1135 1784 lacinus
1158 1746 1221 1786 esse

56 1825 168 1901 dicit,
205 1829 232 1886 ai
260 1828 328 1904 quie
355 1825 558 1887 adversarium
586 1824 747 1904 nequiter,
776 1831 796 1886 i.
821 1849 847 1886 e.
871 1847 931 1886 non
953 1827 1086 1898 fortiter,
1116 1827 1220 1900 seriat3

58 1929 195 1988 malam
218 1929 296 1989 hanc
319 1947 509 1989 assemanus
538 1929 734 2008 disciplinam.
779 1929 838 1990 Sed
867 1929 993 1989 offendit
1019 1922 1136 1990 realem
1164 1949 1221 2007 pro

62 2032 207 2092 obiecto
230 2033 363 2109 positum
384 2031 470 2092 verbi
493 2032 635 2106 feriendi,
658 2053 750 2110 quum
773 2034 804 2091 in
826 2038 889 2091 tam
912 2033 1044 2109 generali
1072 2035 1223 2091 sententia

65 2141 128 2194 ant
160 2135 285 2194 nullum
312 2134 462 2194 obiectum
489 2137 560 2212 poni
589 2135 698 2194 debeat
725 2141 779 2194 aut
804 2135 916 2213 plurali
939 2153 1061 2193 numero
1084 2131 1221 2208 (malae),

66 2257 193 2298 rursus
215 2237 367 2297 obiectum
389 2237 475 2297 verbi
496 2234 595 2298 discit
611 2237 807 2296 desideratur.
841 2237 906 2296 Nisi
924 2237 1020 2309 fallor,
1039 2239 1080 2296 sic
1097 2236 1222 2296 Plautus

69 2341 223 2419 scripsit:
257 2340 451 2413 „Pessumum
473 2347 519 2400 est
540 2340 669 2399 Facinus
697 2341 837 2417 nequiter
865 2340 969 2414 ferire3
996 2335 1119 2402 malaca
1144 2340 1222 2398 male

73 2441 178 2502 discit
205 2440 343 2518 manus“‚
377 2450 413 2502 ut
445 2444 548 2503 mollia
580 2463 698 2502 manum
729 2443 806 2502 male
837 2442 952 2502 discere
979 2443 1070 2502 dicat.
1115 2441 1223 2501 Mollia

75 2552 187 2605 autem
203 2545 331 2606 Plautus
347 2565 428 2624 saepe
445 2545 550 2606 Graeco
566 2545 713 2605 vocabulo
736 2543 882 2618 „malaca“
904 2545 985 2621 dicit,
1004 2568 1032 2607 v.
1045 2546 1151 2606 Bacch.
1166 2547 1220 2607 69:

82 2651 257 2720 „indacum
271 2646 428 2726 pallium“.
453 2651 530 2709 351:
552 2651 602 2723 „in
618 2649 764 2708 malaeum
782 2645 936 2707 modum“.
960 2647 1026 2708 Cas.
1041 2651 1118 2708 785:
1141 2669 1224 2723 „cor-

77 2753 246 2826 pusculum
274 2749 483 2812 malaculum“.
528 2751 690 2811 1111669.
736 2751 828 2810 Stich.
854 2753 925 2810 231.
970 2751 1058 2810 Truc.
1084 2753 1155 2812 600.
1181 2781 1226 2794 -·

84 2855 162 2913 312.
184 2849 265 2914 Alia
285 2852 399 2932 forma,
422 2859 546 2927 mutata,
570 2875 599 2913 v.
622 2856 748 2932 proxim.
771 2871 849 2912 vera.
895 2850 967 2913 Post
989 2853 1093 2933 forma
1114 2855 1223 2914 hiatus.

83 2954 133 3016 Fl.
164 2961 298 3034 trecop:
335 2962 475 3034 ,oportet
509 2954 604 3014 esse“.
650 2955 764 3016 Bitsch.
797 2953 950 3030 „formad“
987 2957 1090 3030 scrib.,
1126 2956 1224 3016 Luchs

90 3058 211 3130 „forma
233 3077 268 3118 os
290 3056 385 3118 esse“.
407 3089 452 3100 -
466 3075 578 3136 puppo
606 3053 722 3137 leporio
749 3057 836 3119 codd.
860 3063 1010 3136 corrupte.
1056 3058 1134 3118 Olim
1159 3079 1224 3118 eor·
1331 3089 1338 3102 ·

87 3165 218 3220 rectum:
246 3179 373 3237 ,pugna
397 3159 539 3234 lassaris“,
562 3163 594 3220 in
616 3181 676 3238 quo
699 3163 783 3238 prius
808 3163 914 3238 utique
936 3160 1132 3238 probandum,
1156 3181 1224 3218 narn

88 3262 218 3323 indicari
246 3267 381 3342 oportet,
412 3283 500 3342 quem
528 3265 696 3324 Mercurius
724 3263 854 3323 secunde
883 3283 1011 3342 persona
1040 3262 1223 3339 alloquatur,

88 3385 145 3425 nec
172 3365 297 3443 probari
323 3370 424 3444 potest
446 3365 645 3426 Fleckeisenii
678 3369 753 3426 coni.
787 3369 914 3444 ,pugnis
941 3364 1059 3424 iceris“.
1105 3365 1165 3424 Sed
1192 3367 1224 3422 in

3 3543 4 3550 ἵ
90 3461 207 3546 leporis
238 3472 342 3549 potius
376 3463 518 3546 leliperis
547 3469 642 3528 latere
671 3470 834 3529 arbitratus
863 3489 942 3541 sum,
973 3467 1009 3526 ef.
1033 3485 1061 3524 v.
1087 3467 1158 3525 309.
1189 3497 1225 3506 -

2 3579 3 3582 ’
91 3573 164 3631 313.
191 3565 425 3648 „Interpolare“
462 3572 505 3631 ait
532 3571 649 3633 Nonius
676 3591 706 3649 p.
732 3573 771 3632 34
804 3577 869 3644 „ast
894 3571 1046 3628 inmittere
1073 3574 1104 3627 et
1131 3571 1224 3628 inter·

55 3667 59 3672 ’
91 3693 203 3751 ponere
226 3679 256 3732 et
279 3693 386 3732 novam
408 3673 534 3733 formam
552 3695 568 3733 e
585 3681 685 3734 vetere
702 3673 815 3752 lingere
828 3719 834 3731 .
849 3719 877 3732 ..
906 3671 962 3732 Est
979 3676 1079 3730 sutem
1095 3675 1223 3731 tractum

92 3777 129 3836 ab
153 3781 219 3834 arte
241 3776 397 3849 fullonica,
420 3797 487 3853 quse
509 3777 652 3854 poliendo
675 3776 836 3852 diligenter
864 3783 968 3835 vetera
990 3793 1115 3852 quaque
1138 3776 1224 3852 quasi

93 3880 122 3938 in
151 3898 260 3938 novam
288 3880 416 3956 speciem
442 3876 569 3938 mutar.
613 3879 731 3938 Deinde
758 3879 788 3938 h.
811 3880 831 3937 l.
854 3878 967 3937 laudat.
1013 3876 1073 3937 Sed
1101 3877 1226 3956 ponitur

93 4003 154 4040 non
176 3981 273 4040 solum
296 3981 334 4040 de
355 3984 552 4055 vestimentis,
575 3987 610 4041 ut
632 3981 692 4041 Cio.
715 3983 754 4040 ad
777 3981 810 4054 Q.
834 3981 871 4040 fr.
895 3979 933 4054 H,
961 3982 998 4039 12
1016 3976 1094 4054 (10),
1120 3981 1147 4052 3,
1171 3979 1226 4038 sed

3 4121 4 4140 .
96 4085 186 4144 etiam
207 4087 240 4144 in
261 4085 373 4144 tabulis
394 4086 493 4161 pictis,
512 4089 547 4143 nt
562 4085 654 4144 Most.
674 4086 751 4143 257:
778 4083 884 4156 ,Noua
905 4085 1024 4161 pictura
1044 4083 1224 4160 interpolare

96 4189 141 4247 uis
162 4207 237 4266 opus
258 4183 515 4265 lepidissumum“.
559 4187 634 4246 Inde
664 4187 702 4245 ad
733 4188 806 4246 allae
827 4186 1019 4245 falsariorum
1041 4188 1224 4246 mutationes

97 4291 287 4365 transfertur,
318 4296 353 4348 ut
381 4289 440 4349 Cic.
464 4288 549 4348 Verr.
572 4288 601 4361 I,
632 4290 688 4361 61,
720 4290 790 4350 158.
836 4289 914 4347 Plln.
942 4288 980 4346 H.
1004 4287 1041 4346 N.
1064 4288 1137 4362 XII,
1169 4292 1223 4348 59:

101 4393 320 4466 ,Alexandriae,
349 4391 401 4450 ubi
428 4399 498 4451 tura
524 4390 778 4470 interpolantur“.
802 4421 845 4432 -
870 4393 941 4452 314.
965 4385 1162 4453 Exossatum
1190 4407 1225 4451 08
