2956 5018
553 524 764 595 Prolsgomena
1162 529 1220 590 161

100 715 268 793 Euripidem
300 719 334 776 in
366 718 497 795 prologis
530 719 605 778 adeo
637 725 782 780 remotum
813 740 876 778 esse
904 721 1004 794 arguit
1032 717 1070 777 ab
1098 725 1162 778 arte
1191 724 1222 778 et
1251 781 1254 788 ,

100 821 241 896 gravitate
261 823 390 898 tragica,
413 827 449 880 ut
468 821 531 880 iere
552 823 585 880 in
606 823 732 898 singulis
761 822 896 882 versibus
922 822 1101 899 ,ampullam
1123 822 1222 899 perdi·

100 921 191 982 disse“
215 923 391 984 videretur?
415 924 570 984 Oomoediae
587 926 645 985 alia
662 926 794 984 condicio
813 931 886 985 erat.
920 926 967 985 Ab
986 945 1021 984 ea
1038 945 1097 984 non
1114 926 1222 985 abhor-

98 1025 179 1086 rebat
199 1027 350 1104 pedestris
372 1027 513 1086 narrandi
536 1029 621 1102 ratio,
646 1033 676 1088 et
696 1030 729 1086 in
750 1027 829 1088 fictis
850 1028 939 1088 rebus
957 1035 988 1088 et
1005 1049 1083 1107 saepe
1099 1027 1222 1088 mirifice

98 1129 267 1205 implicetis,
284 1150 378 1209 ,quas
411 1135 594 1209 spectatores
626 1150 681 1210 per
714 1151 745 1190 se
773 1151 859 1190 nosse
888 1137 941 1190 aut
967 1132 1136 1210 intelligere
1162 1151 1222 1190 non

97 1237 230 1308 possent,
264 1235 419 1294 interdum
452 1251 589 1310 magnam
624 1233 864 1294 commoditatem
902 1235 1034 1294 habebat
1072 1235 1223 1293 succincta

98 1339 261 1412 argumenti
282 1339 424 1396 narratio.
468 1337 530 1396 Neo
552 1337 730 1415 displicebat
751 1343 849 1414 poeta
878 1337 948 1396 talis
977 1339 1091 1397 occasio
1119 1337 1223 1414 populi

98 1438 279 1516 alloquendi,
304 1441 329 1499 si
355 1440 429 1517 quid
455 1440 534 1498 forte
562 1443 681 1516 gravius
708 1460 764 1518 per
785 1442 881 1500 iocum
904 1440 1062 1500 admonere
1084 1440 1221 1513 libuerat,

97 1543 195 1616 qualia
222 1544 293 1602 olim
321 1545 352 1602 in
378 1543 518 1620 parabasi
545 1543 730 1602 dicebantur.
775 1543 881 1621 Itaque
909 1543 1059 1603 interdum
1091 1545 1221 1622 propria

97 1643 201 1704 fabulae
223 1648 391 1724 anteposita
414 1652 460 1705 eet
481 1666 583 1719 ecana,
607 1667 666 1723 qua
687 1652 739 1706 aut
760 1667 820 1706 una
842 1647 942 1725 aliqua
964 1639 1132 1724 exstabuloe
1155 1665 1222 1723 par·

97 1749 173 1806 sonis
196 1754 250 1808 ent
272 1749 344 1808 deus
367 1750 474 1827 aliquis
496 1755 547 1809 aut
564 1751 659 1827 ipsius
676 1755 772 1827 poetae
789 1751 908 1809 nomine
925 1767 1100 1827 progressus
1116 1749 1222 1808 histrio

97 1849 133 1907 ad
164 1857 350 1928 spectatores
383 1873 542 1912 conversus
575 1858 783 1930 argumentum
815 1851 924 1911 fabula
957 1857 988 1910 et
1016 1854 1041 1910 si
1070 1871 1135 1928 quea
1164 1851 1223 1908 alia

96 1949 183 2012 libuit
211 1957 343 2032 exponit.
388 1956 460 2014 Haec
488 1977 577 2016 scena
599 1977 617 2014 a
637 1957 754 2033 reliqua
775 1957 877 2015 sabula
898 1956 1084 2033 aliquantum
1106 1955 1224 2012 diversa

97 2057 235 2152 prologup
254 2059 465 2136 usurpabatur,
488 2079 549 2118 non
565 2060 636 2136 quia
653 2065 722 2118 ante
744 2061 874 2135 primum
897 2061 1044 2118 canticum
1061 2057 1152 2129 chori,
1170 2055 1223 2132 qui

97 2159 152 2217 iam
180 2163 281 2221 nullus
309 2168 388 2236 eret,
418 2163 469 2222 sed
498 2163 569 2240 quia
596 2167 665 2220 ante
692 2163 789 2239 ipsam
810 2161 941 2221 fabulam
963 2160 1221 2239 pronuntiabatur.

98 2259 190 2323 Huius
223 2265 340 2342 generis
372 2265 511 2342 prologos
540 2266 691 2325 comoediis
719 2264 830 2324 Graecis
858 2265 963 2324 mediae
992 2271 1022 2324 et
1049 2263 1223 2324 recentioris

98 2368 195 2426 atatis
217 2387 294 2444 sape
317 2368 435 2428 additos
456 2369 555 2442 luisse,
580 2369 714 2446 quamvis
736 2369 808 2445 ipsae
830 2367 938 2426 fabula
954 2368 1106 2444 perierint,
1123 2372 1223 2426 tamen

98 2467 161 2528 aliis
186 2469 371 2530 documentis
393 2477 519 2531 constat.
552 2469 772 2531 hnaxandridis
788 2456 915 2546 Εὐοοβῶν
934 2471 1091 2547 prologum
1107 2471 1223 2529 Aristo·

95 2572 165 2631 telos
190 2573 689 2648 commemoratRbetor.lII,12,
712 2579 744 2632 et
767 2574 848 2652 quod
872 2574 952 2651 apud
975 2571 1124 2632 Stobaeum
1141 2572 1221 2633 Flor.

96 2671 201 2750 XLIII,
221 2679 260 2736 27
278 2677 424 2736 Heniochi
446 2675 608 2752 „Urbium“
631 2677 755 2736 affertur
771 2678 980 2752 fragmentum,
999 2677 1115 2754 prologi
1132 2677 1223 2736 fluisse

97 2777 223 2838 videtur.
257 2780 417 2841 Menandri
432 2786 531 2840 autem
543 2780 666 2856 Hydria
684 2785 714 2840 et
725 2780 834 2858 Georgi
852 2779 994 2857 prologos
1012 2785 1224 2839 commemorat

98 2878 294 2951 Quintilianus
305 2883 358 2958 XI,
372 2885 400 2959 3,
414 2885 469 2959 91;
487 2905 523 2942 ex
534 2883 657 2942 Thaidis
674 2884 801 2961 prologo
817 2884 995 2944 Plutarchus
1012 2882 1049 2941 de
1065 2883 1223 2942 audiendis

98 2989 228 3058 poetist
250 2987 348 3046 locum
371 2987 468 3062 affert,
491 2986 544 3045 ubi
565 2991 656 3065 poeta
674 2988 738 3064 ipse
754 2986 873 3046 Musam
896 2987 1007 3064 alloqui
1029 2987 1164 3062 videtur,
1188 3005 1224 3045 ex

98 3085 229 3149 Dardani
251 3111 274 3148 s.
297 3089 442 3168 Xenologi
466 3091 592 3169 prologo
615 3091 719 3149 Theon
740 3091 901 3167 Progymn.
926 3091 960 3163 4,
985 3093 1018 3163 9,
1043 3110 1080 3148 er
1101 3089 1223 3166 Dyscoli

99 3193 219 3271 prologo
237 3179 438 3270 Harpocratio
460 3213 484 3252 a.
507 3213 535 3252 v.
561 3195 635 3266 Φυλή
657 3195 736 3253 locos
759 3193 861 3267 affert3
885 3192 1018 3252 Luciano
1042 3193 1169 3271 denique
1192 3195 1224 3252 in

99 3293 323 3374 Pseudologista
351 3297 370 3354 4
397 3295 556 3356 videbatur
589 3299 772 3375 παρακλητέος
803 3298 858 3354 τῶν
886 3295 1049 3373 Μενάνδρου
1079 3299 1224 3375 προλόγων

100 3391 145 3467 εἷς,
168 3399 346 3476 Wiener,
367 3402 445 3473 φλλος
468 3401 586 3473 ἀληθείᾳ
608 3402 654 3458 καὶ
676 3403 816 3479 παρρησίᾳ
837 3401 920 3468 θοός,
943 3399 995 3472 οὐχ
1018 3399 1033 3457 ὅ
1055 3399 1223 3476 ἀσημότατος

98 3503 148 3560 τῶν
169 3503 218 3560 ent
239 3503 286 3575 τὴν
309 3505 407 3574 σκηνὴν
434 3503 631 3580 ἀναβαινόντων
663 3501 771 3581 (poetae
798 3503 896 3561 locum
919 3504 1053 3562 restituit
1073 3501 1222 3578 Mainake,

100 3601 176 3666 Com.
200 3607 237 3664 fr.
260 3605 310 3680 IV,
333 3625 362 3682 p.
388 3608 449 3666 307
472 3604 541 3685 sq),
582 3605 785 3666 Philemonem
807 3626 897 3684 porro
920 3611 991 3665 noto
1015 3604 1125 3664 Stobaei
1146 3606 1223 3680 loco,

99 3704 181 3784 Illog.
205 3708 370 3785 physioss'l,
395 3710 450 3782 31,
473 3711 510 3784 τῷ
530 3712 598 3786 Ἀέρι
625 3711 760 3770 videmus
787 3710 905 3786 prologi
934 3713 1037 3786 partes
1067 3707 1223 3784 tribuisse;

99 3807 210 3888 Diphili
244 3815 342 3890 autem
374 3813 517 3889 prologos
549 3815 635 3890 quasi
668 3813 793 3888 frigidos
833 3812 1028 3872 cavillabatur
1061 3810 1225 3871 Gnathaena

100 3915 192 3974 amica
213 3915 277 3974 eiua
298 3935 327 3973 v.
351 3915 459 3975 htben'.
482 3915 571 3990 XHI,
595 3914 685 3991 43*),
715 3918 792 3975 sicut
817 3915 902 3974 nobis
925 3915 1102 3975 Latinorum
1124 3913 1224 3992 prolo-

101 4034 202 4090 gorum
224 4018 277 4094 qui
300 4023 403 4077 extant
424 4019 567 4096 pleraque
588 4017 698 4096 frigere
721 4017 869 4078 videntur.

123 4183 147 4251 *l
164 4183 198 4237 In
216 4183 259 4237 his
276 4199 409 4253 magnam
425 4187 535 4254 partem
550 4181 792 4238 Dziatzkonem
810 4187 921 4236 secutus
937 4199 1007 4251 eum,
1026 4182 1105 4238 cuiue
1123 4187 1152 4238 et
1170 4182 1226 4239 alia

166 4269 201 4323 de
217 4269 344 4340 prologis
361 4269 456 4324 Plauti
473 4275 502 4323 et
516 4269 640 4324 Terentii
658 4269 764 4338 scripta
781 4273 847 4322 sunt
865 4273 894 4322 et
911 4285 1091 4338 programma
1105 4270 1226 4326 Lucerni

166 4371 190 4408 a
207 4355 344 4408 1866—67
359 4353 476 4410 editum:
496 4353 605 4425 „Uebor
618 4355 664 4408 die
676 4353 886 4409 Plautinischen
894 4353 1022 4423 Prologe.
1050 4355 1225 4424 Allgemeine

166 4437 426 4511 Geaicbtspunlrte“.

989 4548 1019 4598 11
