2976 5056
583 483 616 538 V.
637 485 814 538 tote—1040.
1202 489 1265 551 333

101 672 289 748 intellexit,
312 697 369 736 nec
387 675 454 736 fieri
470 685 577 756 potest,
594 685 629 739 ut
648 699 703 758 pro
720 681 820 738 auimo
836 683 969 757 ponatur
986 679 1093 738 anima.
1128 679 1266 738 Animam

101 780 328 855 comprimere
340 785 387 838 est
399 781 540 859 spiritum
552 782 692 854 retinere,
704 801 733 840 v.
745 781 867 841 Terent.
878 780 998 840 Phorm.
1013 783 1089 840 868:
1106 781 1264 855 „Animam

102 885 300 957 conpressi,
323 901 425 941 auxum
449 880 601 943 admouit
628 913 673 924 -
703 886 795 946 1036.
817 881 1048 962 Amphitryonis
1077 883 1169 942 verba
1194 890 1266 944 sunt

102 980 303 1042 Alcmenam
325 985 547 1062 conspicientis.
587 979 746 1062 &tueque
769 991 943 1062 corruptum
966 991 1020 1044 est.
1060 985 1163 1046 Botbii
1186 989 1264 1046 coni.

107 1087 311 1163 „quisquam
333 1106 389 1165 pro
412 1083 587 1166 quequam“
619 1107 745 1166 prorsus
774 1087 975 1167 improbanda
996 1091 1052 1147 ast.
1097 1087 1264 1148 Gulielmus

104 1187 264 1248 volebat:
293 1188 427 1266 „Cuique
448 1190 515 1248 med
537 1190 661 1250 absente
679 1209 787 1269 eorpus
803 1207 880 1250 uxor
896 1189 1030 1268 uolgus-it
1048 1186 1165 1263 suum“‚
1186 1190 1266 1267 quod

106 1289 159 1347 ita
186 1291 307 1370 probat
329 1291 440 1351 Hoffm.
463 1311 493 1370 p.
518 1295 573 1366 53,
596 1298 631 1352 ut
655 1292 730 1368 „Cui
756 1311 852 1369 usque
879 1290 948 1350 med
975 1289 1117 1352 absente*
1143 1293 1265 1366 scribat,

106 1411 191 1469 quse
229 1415 289 1453 non
319 1394 465 1470 intelligo.
516 1395 593 1454 Mihi
621 1401 734 1454 certum
762 1393 896 1466 videtur,
924 1413 985 1453 non
1018 1411 1077 1472 que
1105 1394 1159 1454 sed
1188 1411 1267 1473 quae

106 1493 290 1572 legendum
307 1516 379 1556 esse.
413 1497 491 1570 Quid
510 1501 713 1570 antecesserit,
737 1496 895 1557 obscurum
919 1501 979 1568 est;
1003 1497 1149 1556 tortasse:
1177 1495 1266 1572 „[Ec-

109 1616 190 1656 cnm
217 1595 330 1672 video,]
354 1617 420 1675 que
442 1619 488 1658 me
511 1599 633 1659 absente
656 1596 730 1659 eto.“

599 1783 803 1791 *ῳ-

218 1904 360 1964 Proxima
382 1911 526 1982 quattuor
547 1907 714 1984 stragmenta
736 1907 869 1979 senariis,
893 1910 928 1963 ut
949 1904 1080 1977 videtur,
1104 1905 1267 1982 composita

119 2007 166 2066 ed
185 2007 371 2086 colloquium
387 2008 435 2067 vel
452 2009 618 2070 convicium
629 2009 779 2068 Alcmene
796 2012 828 2068 et
841 2007 1069 2085 Amphitryonis
1086 2007 1266 2085 pertinuisse

120 2129 248 2169 censeo.
294 2109 360 2182 Quo
388 2110 494 2170 ordine
521 2131 553 2170 se
582 2113 769 2189 exceperint,
803 2129 926 2188 prorsus
959 2111 1106 2168 incertum
1141 2115 1195 2170 est.
1224 2139 1267 2150 -

124 2213 216 2272 1037
241 2231 286 2290 sq.
321 2212 385 2272 Hoc
413 2212 613 2288 fragmentum
641 2213 808 2273 Acidalius
824 2211 983 2290 adsumpto
1012 2213 1102 2270 etiam
1130 2229 1157 2270 v.
1185 2212 1265 2271 1049

122 2315 174 2374 sic
198 2315 372 2374 constituit:

262 2417 367 2490 Quese
388 2416 569 2476 adueniente
591 2417 696 2478 morbo
718 2437 797 2478 nune
818 2417 966 2476 medicum
988 2415 1061 2488 tibi;

262 2518 350 2578 Enim
372 2525 406 2577 tu
430 2524 511 2578 certe
535 2525 588 2579 aut
609 2521 743 2580 laruatus
766 2525 819 2579 eut
841 2521 970 2578 cerritus
992 2539 1033 2578 es.

262 2619 380 2699 Edepol
402 2621 555 2682 hominem
576 2627 608 2681 te
630 2623 784 2682 miserum!
808 2621 955 2704 medicum
978 2622 1116 2699 quaerite.

127 2723 190 2783 Sed
221 2728 372 2782 extremus
400 2743 519 2798 versus,
549 2725 577 2783 ei
605 2725 644 2784 ad
671 2724 762 2784 Nonii
789 2723 881 2783 verbs
909 2729 1047 2783 accurate
1075 2724 1267 2798 attendimus,

129 2827 234 2904 potius
258 2825 336 2885 elius
359 2845 454 2886 soene
477 2831 538 2899 est,
562 2827 666 2886 saltem
690 2847 756 2886 eum
780 2826 1024 2886 antecedentibus
1048 2828 1187 2906 coniungi
1209 2845 1269 2886 non

131 2927 231 2988 debet.
281 2922 403 3003 Quaeso
424 2947 526 2988 verum
548 2928 677 3002 ridetur,
701 2929 720 2989 i.
745 2949 772 2988 e.
795 2949 905 3006 quere,
929 2932 1054 3006 antiqua
1074 2931 1186 3003 forma,
1209 2949 1270 3007 qua

131 3051 203 3090 usus
225 3035 273 3090 est
294 3030 419 3090 Plautus
441 3030 547 3090 Bacch.
575 3033 650 3090 175:
683 3030 842 3104 „Mirumst
864 3052 911 3091 me
932 3035 966 3090 ut
989 3031 1108 3090 redeam
1130 3037 1162 3090 te
1184 3036 1269 3090 tanto

131 3153 224 3210 opere
254 3130 416 3211 quaesere“
450 3137 480 3192 et
502 3133 622 3192 Lucret.
647 3133 681 3207 V,
709 3135 805 3193 1227:
840 3152 946 3211 „prece
975 3134 1082 3210 quesit
1103 3133 1268 3192 Ventorum

132 3235 259 3312 pavidus
281 3231 402 3313 paces“.
448 3235 603 3294 Postrema
623 3255 727 3294 versus
750 3255 820 3313 pers
841 3236 956 3294 incerta
978 3240 1033 3294 est.
1084 3234 1171 3293 Both.
1195 3235 1270 3293 mire

132 3340 209 3398 coni.
248 3337 382 3410 „Quaeso
403 3337 578 3396 aduenienti
600 3337 707 3397 morbo
730 3339 776 3397 ius
799 3335 1004 3398 medicabils“.
1039 3335 1148 3396 Hoffm.
1168 3356 1199 3414 p.
1213 3337 1267 3395 34:

136 3440 331 3513 „aduenienti
353 3439 457 3497 morbo
480 3439 660 3499 medicatum
676 3437 750 3498 tibi“
762 3463 769 3511 ;
782 3439 933 3516 equidem
951 3438 1097 3498 malebam
1121 3437 1269 3511 „mediea-

131 3563 199 3602 men
227 3539 317 3601 tibi“.
362 3541 538 3614 Quioherat:
571 3541 692 3615 „Quese
719 3541 893 3600 aduenienti
922 3542 1029 3601 morbo
1057 3539 1199 3599 medicari
1221 3541 1269 3600 lo·

132 3643 232 3704 vem“.
261 3643 334 3702 Mox
352 3640 489 3718 „Euim“,
509 3643 590 3721 quod
607 3646 767 3721 proposuit
777 3643 940 3717 Acidaliae,
960 3663 1016 3722 per
1033 3662 1064 3701 se
1081 3643 1269 3720 aptissimum
1350 3665 1359 3680 ⁷

133 3753 191 3818 eet3
222 3745 274 3805 aad
303 3749 444 3824 quoniam
472 3747 564 3805 ueteri
589 3765 693 3806 versus
716 3746 827 3804 senarii
849 3745 1007 3818 videntur,
1037 3745 1085 3803 hic
1109 3764 1230 3821 quoque
1253 3766 1272 3805 e

133 3867 196 3908 voc.
229 3845 310 3922 „Tu“
336 3848 527 3926 incipiendus
550 3854 605 3907 est.
654 3848 792 3908 Dubitari
814 3854 927 3926 potest,
951 3853 1053 3906 utrum
1081 3839 1265 3921 „laruatu’s“

134 3950 293 4026 legendum
309 3951 357 4024 sit,
377 3971 415 4010 en
436 3953 580 4023 „cerritus
598 3948 658 4009 es“.
677 3981 721 3991 —
739 3945 883 4010 laruatus
901 3971 928 4010 v.
943 3953 1020 4023 6703
1045 3947 1178 4010 certitas
1196 3952 1268 4010 769.

223 4055 314 4112 1039.
337 4047 557 4126 Exieraut'siu',
588 4072 615 4111 v.
641 4054 702 4111 924
726 4073 770 4131 sq.
816 4052 909 4110 Erret
931 4053 1063 4125 Nouius,
1086 4053 1168 4130 quod
1194 4072 1269 4130 pre·

134 4157 279 4234 positioni
309 4155 485 4226 intendendi
508 4157 569 4213 vim
591 4154 715 4226 tribuit;
744 4155 846 4234 potius
874 4158 1016 4232 negativa
1042 4156 1088 4214 vis
1116 4161 1162 4214 est
1189 4155 1269 4226 eius3

135 4259 251 4316 eiurare
280 4263 326 4316 eat
353 4257 481 4316 iurando
503 4277 651 4316 amovere.
674 4286 715 4296 -
743 4258 836 4317 1040.
857 4258 1008 4334 Antiquos
1031 4257 1158 4316 Latinos
1179 4251 1271 4316 nobis

130 4360 298 4434 praesente
309 4359 418 4418 dixisse
436 4380 492 4438 pro
511 4360 614 4432 „nobis
625 4357 856 4437 presentibus“‚
870 4361 1006 4438 quamvis
1016 4361 1115 4439 primo
1127 4358 1270 4438 adspectu
