2960 5038
568 506 601 561 V.
622 507 763 560 lte-lta.
1167 509 1230 571 249

84 701 184 777 ponit
208 721 237 758 v.
258 703 330 776 159,
354 701 390 759 cf.
407 701 490 760 Asin.
507 703 567 760 557
591 705 622 760 55
645 703 714 774 567,
739 702 791 760 ubi
814 703 886 760 item
908 707 944 760 ut
965 700 994 759 h.
1019 700 1038 760 l.
1063 701 1130 759 octo
1155 701 1231 772 ,vir-

84 801 238 876 gatores“
265 811 551 878 commemorantur,
574 809 609 863 ut
630 811 677 864 tot
699 805 790 863 fuisse
814 809 958 881 appareat
979 805 1070 862 trium
1098 804 1231 862 virorum

84 906 242 966 viatores.
260 938 303 949 -
323 909 392 967 157.
414 904 452 968 in
473 922 525 968 ero
543 910 603 966 iam
619 909 651 965 in
668 907 753 966 codd.
773 907 967 966 emendatum.
986 937 1029 946 —
1046 901 1150 966 dicere
1171 925 1231 964 ms·

84 1015 179 1068 trum
204 1029 267 1068 non
289 1011 409 1084 turbat,
433 1012 504 1088 quia
524 1011 630 1070 ultima
652 1010 767 1087 syllaba
792 1015 860 1068 ante
883 1009 1021 1070 diaeresin
1043 1028 1153 1087 auceps
1176 1013 1231 1066 est.

86 1109 153 1170 Sed
178 1131 289 1170 versus
310 1114 341 1170 in
364 1112 449 1171 codd.
473 1113 554 1174 iusto
576 1115 695 1188 longior
716 1117 771 1172 est.
817 1111 973 1172 Facillime
1000 1110 1133 1172 remedio
1161 1130 1232 1170 usus

86 1213 137 1272 Fl.
164 1211 236 1274 siet
255 1215 286 1274 iu
308 1216 476 1293 proximum
498 1235 616 1274 versum
638 1215 800 1288 transtulit,
821 1215 901 1292 quod
918 1217 1054 1293 quamvis
1072 1219 1152 1274 recte
1167 1212 1232 1272 fiori

87 1335 189 1394 posse
219 1319 336 1395 negarit
363 1317 435 1376 Brix
464 1315 578 1396 (Progr.
603 1319 707 1395 Licgu.
735 1314 845 1392 1857),
875 1325 976 1380 tamen
1003 1319 1130 1392 rotinui;
1162 1337 1233 1376 nam

87 1423 190 1479 nimis
214 1421 304 1495 longa
327 1419 491 1480 abscedunt
513 1427 544 1479 55
565 1421 651 1480 Brix:
690 1421 820 1495 „dicere,
849 1441 945 1498 noque
974 1421 1047 1482 mibi
1075 1421 1233 1499 quicquam

89 1523 196 1582 auxili
226 1525 284 1582 siet
310 1522 345 1581 In
373 1543 440 1595 ero,
468 1523 584 1601 nequs“
615 1528 646 1582 et
673 1523 799 1582 Miller:
838 1525 969 1598 „dicers,
998 1543 1095 1602 nequo
1122 1525 1153 1582 in
1181 1543 1233 1583 aro

90 1627 266 1706 quicquam
284 1626 377 1684 auxili
395 1627 461 1698 siet,
479 1625 541 1685 Nec
560 1627 718 1704 quisquam
744 1628 793 1700 sit,
817 1628 891 1705 quin
913 1646 959 1686 ma
983 1622 1086 1700 [malo]
1110 1623 1230 1685 omnos“

91 1734 124 1788 st
148 1728 256 1788 Luchs
278 1730 309 1787 in
328 1727 524 1786 Studamnndi
543 1729 656 1788 Studiis
678 1729 702 1802 Ι,
725 1749 755 1808 p.
777 1731 832 1788 56:
859 1729 985 1802 ,dinosa
1009 1749 1106 1805 neque
1128 1729 1160 1786 in
1182 1747 1235 1786 ero

92 1833 267 1912 quicquam
289 1832 330 1890 sit
351 1833 391 1890 mi
413 1831 520 1905 auxili,
543 1830 605 1891 Noc
628 1833 785 1910 quisquam
812 1835 867 1907 sit,
891 1833 963 1910 quin
985 1851 1032 1891 me
1055 1827 1146 1906 [malo
1168 1849 1234 1890 cru·

94 1931 198 2009 ciatu]
223 1934 347 2012 dignum
369 1931 543 2012 deputent“.
585 1934 621 1993 In
643 1935 751 2013 quibus
773 1937 798 1994 si
820 1935 920 2015 placet
943 1935 1092 1994 ablativus
1113 1932 1234 1992 additus

93 2040 168 2098 voci
192 2033 334 2114 (liquam,
357 2057 417 2096 nou
440 2036 599 2097 admodum
618 2037 781 2098 difficulter
798 2057 835 2096 ax
852 2057 880 2096 v.
896 2038 955 2097 156
975 2037 1096 2097 auditur
1160 2049 1233 2112 prm

95 2140 251 2200 Luchsius
273 2145 375 2198 autem
392 2139 473 2216 qnod
495 2153 602 2200 ornnes
619 2159 675 2218 pro
693 2141 874 2215 glossemata
890 2140 1005 2214 habuit,
1022 2158 1129 2217 parum
1146 2157 1234 2216 repu-

96 2246 181 2303 tavit
195 2243 365 2302 Plautinam
383 2242 605 2316 abundantiam,
624 2243 708 2302 cuius
725 2263 816 2321 quum
839 2243 898 2302 alia
920 2245 1076 2302 innumera
1098 2240 1236 2318 exempla

98 2345 207 2406 afferri
227 2349 364 2424 possunt,
387 2350 452 2404 tum
472 2345 555 2404 Asin.
581 2346 640 2406 553
655 2391 661 2404 .
676 2347 757 2405 ..57
781 2351 811 2404 et
834 2347 916 2406 560.
931 2391 937 2405 .
952 2391 958 2404 .
973 2347 1029 2404 675
1058 2343 1235 2418 „memorari

98 2450 199 2508 multa
227 2453 354 2526 possunt
377 2492 442 2521 ...‚
470 2447 524 2508 nbi
552 2445 670 2526 saepa“.
716 2448 803 2522 Quod
835 2453 935 2508 autem
967 2468 995 2508 v.
1023 2449 1083 2508 158
1118 2446 1235 2506 diaerssi

101 2557 195 2626 caret,
219 2571 282 2611 nou
304 2553 350 2610 sst
370 2551 530 2621 insolitum,
554 2570 583 2609 v.
606 2549 724 2626 Prolsg.
748 2572 778 2629 p.
806 2553 876 2610 185.

194 2655 372 2713 159-176.
395 2653 608 2714 Vehementior
628 2653 752 2730 quarela
773 2655 912 2712 maiorem
930 2673 1122 2713 numerorum
1140 2653 1235 2711 varie·

102 2763 197 2817 tatem
232 2756 380 2833 postulat;
419 2775 512 2833 quara
544 2757 714 2838 octonarios
747 2757 888 2815 iambicos
922 2756 1074 2834 excipiunt
1106 2756 1236 2832 primum

103 2860 277 2920 trochaicus
305 2860 476 2918 octonarius
498 2879 566 2917 cum
588 2857 673 2917 hiatu
693 2859 725 2916 in
747 2857 878 2932 diaresi,
904 2858 1012 2918 deinde
1034 2858 1111 2916 varii
1133 2875 1237 2916 versus

104 2965 136 3022 in
158 2962 308 3023 troolsaos
336 2961 398 3020 fers
426 2967 581 3032 exeuntes,
610 2960 663 3020 sed
688 2962 768 3020 inter
795 2963 913 3040 priores
934 2961 1026 3039 pedes
1050 2965 1080 3018 ct
1101 2959 1236 3035 dactylos

105 3071 137 3124 55
165 3063 351 3125 choriambon
381 3069 410 3122 ot
436 3081 557 3140 paones
586 3068 616 3123 55
644 3065 769 3122 creticos
798 3063 955 3136 habentem
983 3083 1041 3122 vsa.
1068 3063 1235 3120 166-170

106 3167 294 3226 Hermamrus
310 3171 340 3225 55
351 3165 498 3224 Christian
511 3162 636 3239 (Metsilr
648 3185 678 3243 p.
694 3164 768 3241 511)
787 3165 935 3226 Sotadsos
953 3164 1189 3243 appellavonmt,
1203 3183 1236 3221 ac

106 3290 178 3330 sano
203 3271 273 3342 166,
299 3270 369 3342 169,
396 3271 454 3328 170
478 3267 676 3328 Sotadeorum
698 3269 816 3328 schema
838 3268 1058 3328 accuratissimo
1081 3265 1236 3336 exhibent,

107 3370 502 3431 vas.171—76.bacchiaci
524 3377 593 3430 sunt
615 3391 682 3430 cum
704 3371 837 3431 clausula
857 3371 1017 3430 trochaica.
1052 3369 1122 3428 Hac
1144 3369 1238 3442 igitur

107 3477 199 3535 totius
221 3475 281 3534 loci
301 3474 398 3534 forma
419 3475 544 3534 metrica
566 3479 619 3532 555.
