2976 5056
227 479 289 542 332
702 474 881 544 Amphitruo.

226 689 331 730 versus
354 671 495 730 constitui
517 674 620 748 potest
642 673 706 728 tem
729 674 868 728 occurute
891 668 931 728 sd
952 687 980 726 v.
1003 669 1084 727 1027
1107 665 1320 744 respondens,
1345 665 1386 721 ut

226 771 303 832 nihil
336 773 417 832 inter
450 791 502 831 eos
535 771 679 832 excidisse
711 771 859 830 videatur.
887 799 932 812 -
960 771 1052 830 1029.
1081 770 1129 828 est
1157 768 1267 826 sddidi
1306 785 1384 824 cum

227 874 339 934 Hoffm.
362 894 393 953 p.
419 877 455 934 51
481 893 585 933 versus
607 893 705 933 ceusu.
743 873 887 932 Mercurii
908 872 1000 932 verbs
1022 877 1093 930 sunt
1113 870 1385 947 Amphitryoncm

229 976 370 1050 ludentis,
394 977 480 1054 qussi
502 995 558 1054 pro
580 975 785 1036 adsenseum
807 975 916 1034 hebeat
928 973 1178 1052 Amphitryonem
1200 977 1386 1049 quaerente,

228 1085 318 1157 etque
346 1079 422 1138 sdeo
450 1099 506 1158 pro
537 1079 671 1137 mendico
700 1084 753 1137 out
779 1078 914 1156 puresito
936 1079 1109 1154 importuno
1131 1075 1385 1154 Amphitryonis

228 1181 348 1240 domurn
372 1183 523 1240 invasore.
568 1180 743 1259 Respondet
769 1181 864 1256 igitur
891 1179 995 1238 herum
1023 1185 1201 1256 occupatum
1224 1197 1298 1236 esse
1324 1175 1385 1235 ud-
1475 1218 1476 1230 .

227 1301 393 1360 renumque
415 1283 498 1341 abire
522 1282 615 1356 iubet,
639 1283 721 1360 quod
738 1283 796 1340 uisi
812 1301 940 1360 propere
955 1281 1091 1355 facesset,
1115 1279 1156 1354 (v.
1178 1277 1278 1352 1030)
1307 1280 1384 1336 iure

228 1387 257 1446 ei
278 1385 353 1458 lore,
376 1385 456 1463 quod
478 1387 622 1464 parasitis
644 1384 710 1444 fieri
733 1385 840 1456 solent,
863 1389 898 1442 ut
914 1384 975 1443 olle
991 1385 1098 1442 cineris
1116 1384 1209 1462 plenu
1225 1384 1254 1440 in
1277 1383 1384 1458 ceput

228 1489 256 1546 ei
277 1488 441 1547 inlicietur.
487 1487 530 1546 Gi.
555 1487 640 1565 Cept.
666 1490 721 1548 89:
756 1489 826 1564 „qui
849 1485 990 1564 colophos
1017 1489 1138 1564 perpeti
1165 1486 1247 1564 potis
1278 1503 1381 1562 pure·
1475 1529 1476 1564 ἰ

228 1591 304 1650 ritus
327 1590 486 1667 hengique
509 1590 592 1649 unlus
615 1591 645 1648 in
669 1588 789 1668 ceput“.
828 1589 945 1650 Curcul.
971 1590 1047 1648 396:
1074 1589 1140 1662 „An
1156 1589 1232 1646 sule
1253 1605 1384 1664 quassa
1475 1621 1476 1651 ι

230 1713 296 1752 oum
319 1693 418 1751 cinere
440 1691 565 1751 effossus
588 1693 647 1751 siet
669 1689 722 1766 (sc.
744 1687 893 1764 oculus)“.
916 1719 959 1730 -
980 1691 1122 1750 Menents
1144 1709 1216 1751 vero
1237 1689 1379 1767 Amphi·
1475 1741 1476 1772 3

229 1801 337 1872 tryone
359 1815 377 1853 ι
398 1793 488 1853 minis
512 1793 549 1853 ud
572 1815 621 1853 res
643 1793 843 1872 progreditur,
867 1793 1072 1870 metulemque
1094 1811 1179 1870 nque
1195 1793 1326 1871 plenum
1349 1791 1378 1847 si
1475 1819 1476 1882 ι

229 1899 260 1956 in
272 1902 365 1976 ceput
374 1896 515 1956 iufundit.
538 1895 642 1956 Edunt
658 1915 761 1956 ornnes
778 1891 932 1957 modelam
947 1911 1044 1956 unam
1058 1891 1115 1954 is‘bs'
1125 1910 1234 1973 aquae,
1247 1914 1376 1954 remus·

230 2019 288 2078 que
316 2018 407 2058 ceusu
436 2004 489 2058 eut
520 1995 638 2074 „acuse“
670 2006 723 2058 eut
753 1996 879 2076 „equui“
909 1998 1070 2074 legendum
1092 2017 1156 2056 esse
1179 1997 1292 2056 docent
1316 2001 1378 2054 unt

232 2097 423 2177 „metellum“
449 2101 655 2176 scribendum
678 2106 709 2160 et
729 2118 826 2163 uuam
848 2101 970 2179 quidem
986 2100 1156 2179 propriori
1172 2099 1374 2169 destitutum,

230 2206 367 2281 quemvis
389 2223 449 2262 non
470 2203 597 2281 pluceut,
621 2210 723 2263 temen
745 2224 806 2264 uon
828 2223 952 2282 prorsus
976 2205 1147 2280 negaverim
1168 2202 1242 2260 ferri
1263 2219 1373 2278 posse,

229 2307 291 2366 rid.
313 2307 383 2366 Aul.
410 2309 488 2380 561;
516 2306 569 2365 sed
597 2305 745 2383 quomodo
774 2308 933 2383 quisquam
956 2305 1012 2365 sibi
1035 2306 1113 2363 velle
1136 2310 1189 2364 out
1210 2304 1374 2382 postulare
1475 2390 1476 2397 ἵ

230 2411 344 2489 possit,
367 2413 403 2468 ut
424 2408 540 2469 mutulo
562 2411 594 2467 in
617 2412 708 2488 ceput
729 2407 918 2482 inhmdetur,
942 2429 1004 2469 non
1026 2408 1172 2483 intelligo.
1214 2406 1371 2484 Equidem

231 2531 291 2572 non
313 2511 432 2584 dubito,
463 2512 536 2588 quin
564 2511 628 2570 huc
655 2512 788 2589 seperari
816 2511 959 2584 debeant,
988 2517 1024 2570 ut
1043 2515 1116 2588 post
1136 2530 1164 2568 r.
1191 2505 1367 2587 „posmles“

230 2616 478 2691 interpungetur,
508 2613 631 2690 eiusque
660 2613 810 2672 obiectum
838 2615 869 2672 in
891 2613 1135 2674 antecedentibus
1158 2617 1211 2672 sut
1231 2613 1369 2689 positum

231 2735 296 2776 esse
318 2720 371 2774 out
393 2715 464 2775 inde
486 2714 586 2774 audiri
609 2735 723 2776 censeo.
757 2731 882 2793 aquam,
906 2716 987 2795 quod
1009 2735 1112 2775 omnes
1136 2714 1222 2774 codd.
1242 2713 1367 2786 hebent,
1475 2738 1476 2778 ι

33 2857 38 2866 ·
159 2881 161 2886 ,
230 2819 362 2891 retineo,
391 2811 510 2877 mattda
540 2838 577 2876 ex
603 2817 742 2878 Parisino
770 2817 943 2891 Quioheruti
972 2819 1122 2892 adscisc03
1150 2813 1215 2877 iam
1240 2812 1306 2876 iam
1335 2819 1367 2875 et

230 2914 368 2996 inscendo
390 2919 428 2978 de
450 2939 517 2979 mes
538 2921 710 2980 coniectore
731 2919 837 2980 scribo.

317 3227 479 3306 Postquam
497 3227 571 3287 obiit
586 3227 763 3301 Mercurius,
782 3228 884 3304 alique
900 3247 999 3288 secum
1015 3227 1135 3287 locutus
1156 3249 1220 3287 esse
1242 3227 1365 3286 videtur
1475 3266 1476 3320 Ξ

230 3331 420 3409 Amphitryo.
454 3330 570 3390 Deinde
586 3330 699 3389 Sosium
717 3351 784 3390 cum
795 3331 983 3408 Blepharone
1006 3330 1215 3390 advenientem
1237 3337 1365 3408 proptor
1475 3340 1476 3395 1

229 3433 347 3511 lingitis
379 3453 476 3511 nuper
503 3453 521 3491 ι
548 3431 698 3492 Mercurio
731 3434 890 3492 commisse
921 3433 1113 3492 vehementer
1144 3433 1290 3510 increpet.
1318 3459 1364 3471 -·

233 3537 324 3596 1032.
353 3530 440 3612 Quid
465 3531 653 3610 minitabat,
683 3537 714 3595 in
746 3535 908 3613 deperdito
940 3536 1104 3613 superioris
1137 3555 1232 3594 scenae
1263 3541 1361 3612 perte.

229 3637 275 3698 De
303 3639 403 3698 active
430 3637 514 3697 verbi
540 3637 637 3698 forme
665 3638 701 3698 cf.
730 3638 768 3696 ud
790 3638 879 3716 Cept.
905 3639 977 3698 736.
1002 3667 1039 3680 -
1068 3639 1159 3698 1033.
1183 3637 1362 3716 Amphitryo

230 3758 316 3800 servo
349 3759 443 3818 poene
477 3759 566 3798 ceusu
596 3741 699 3818 ingens
734 3760 810 3818 opus
836 3742 972 3818 imponit.
1021 3740 1148 3816 „duplos
1176 3737 1359 3816 sexagenos‘*

229 3841 306 3901 nihil
335 3847 395 3915 est3
423 3847 542 3901 secutus
570 3861 636 3902 sum
663 3844 902 3902 emendationem
925 3843 1035 3902 Hernii.
1063 3873 1106 3884 -
1136 3844 1228 3903 1034.
1251 3842 1361 3901 Verbe·
1475 3839 1476 3846 '

231 3948 329 4003 return
354 3965 419 4004 osse
441 3942 555 4004 Sosium
577 3946 615 4004 cb
638 3945 712 4004 hero
733 3948 869 4004 novimus
891 3965 928 4004 ex
949 3964 977 4004 v.
996 3948 1068 4005 995.
1102 3945 1284 4024 Blepharoni
1306 3963 1361 4023 pro

231 4067 266 4106 eo
288 4046 464 4125 deprecanti
485 4048 548 4108 haec
576 4047 734 4126 respondit
754 4048 945 4126 Amphitryo.
991 4047 1049 4108 Sed
1077 4067 1242 4106 sermonem
1269 4050 1360 4106 inter-

231 4151 344 4228 rumpit
367 4152 500 4228 crepitus
522 4152 607 4224 ostii,
630 4156 757 4210 exeunte
780 4151 931 4210 Alcmene.
977 4151 1042 4223 Qus
1063 4149 1269 4210 animadversa
1288 4151 1359 4208 Am·

229 4253 352 4331 phitryo
362 4253 584 4330 Blepharonem
607 4259 660 4312 sut
681 4253 808 4312 fortasse
825 4253 976 4330 Blephero
989 4254 1238 4332 Amphitryonem
1260 4259 1360 4312 tacere

230 4354 314 4413 iubet
343 4353 384 4427 (v.
411 4353 521 4428 1035):
551 4350 702 4415 Anionem
732 4353 899 4431 conprime.
944 4355 1014 4414 Haec
1044 4359 1121 4416 enim
1144 4357 1257 4414 Nonius
1284 4356 1359 4414 mels
