2992 5054
89 524 110 588 l,
125 527 148 590 1,
161 524 302 576 1964OE
571 524 748 593 Amphitruo.

603 713 718 780 Sosia

88 822 180 888 Bene
204 820 304 886 facit:
327 821 405 905 quia
426 843 486 886 nos
509 843 639 887 eramus
661 843 806 906 peregre,
828 830 970 890 tutatust
992 825 1088 892 domi.

88 930 132 994 At
154 950 246 996 nune
271 929 326 994 abi
348 949 435 1009 sane,
459 930 630 996 aduenisse
653 931 822 998 familiaris
846 933 956 999 dicitu.

548 1061 772 1129 Mercurius

89 1169 207 1236 Nescio
233 1189 333 1254 quam
357 1174 395 1233 tu
416 1167 586 1234 familiaris
609 1172 669 1250 sis;
691 1173 754 1237 nisi
777 1179 925 1239 actutum
948 1174 1127 1257 lineabis,
1174 1185 1226 1239 350

89 1278 278 1346 Familiaris
302 1278 464 1361 accipiere
487 1276 563 1343 faxo
586 1279 674 1345 haud
698 1279 914 1346 familiariter.

604 1410 721 1476 Sosia

92 1519 153 1584 Hic
175 1520 317 1603 inquam
338 1518 451 1583 habito
475 1539 535 1602 ego
559 1525 660 1605 atque
682 1519 808 1586 horunc
832 1526 944 1588 seruos
966 1545 1046 1590 sum.
1145 1575 1147 1579 -

547 1649 770 1716 Mercurius

857 1762 901 1826 At
922 1763 992 1828 scin
1016 1785 1080 1847 quo
1103 1763 1223 1831 modo?

91 1867 224 1933 Faciam
247 1887 310 1951 ego
333 1866 430 1934 hodie
453 1875 486 1934 te
508 1869 695 1952 superbum,
719 1870 781 1935 nisi
803 1869 880 1934 hinc
901 1870 981 1935 abis.

604 2000 717 2065 Sosia
832 2083 834 2088 Α

931 2087 1081 2166 Quonam
1103 2091 1223 2156 modo?
1254 2161 1257 2168 ,

548 2195 772 2260 Mercurius

94 2303 259 2386 Auferere,
284 2327 350 2370 non
373 2303 488 2384 abibis,
510 2304 537 2369 si
560 2323 619 2384 ego
642 2303 763 2368 fustem
785 2323 962 2387 sumpsero.

602 2434 718 2501 Sosia

96 2541 176 2620 Quin
199 2567 252 2612 me
277 2565 347 2610 esse
370 2543 466 2610 huius
487 2539 625 2610 familiai
647 2541 842 2609 familiarem
865 2543 1030 2627 praedico.
1172 2547 1223 2601 365

547 2675 769 2740 Mercurius

94 2779 174 2848 Uide
196 2785 250 2865 sis,
276 2806 375 2869 quam
398 2805 473 2849 mox
494 2784 656 2867 uapulare
679 2785 738 2864 uis,
762 2785 823 2849 nisi
847 2789 995 2849 actutum
1017 2783 1093 2850 hinc
1115 2784 1196 2852 abis.

601 2909 716 2974 Sosia

95 3015 163 3082 Tun
186 3019 284 3085 domo
308 3017 482 3104 prohibere
505 3037 641 3101 peregre
664 3037 715 3082 me
739 3015 969 3082 aduenientem
992 3018 1161 3100 postulas?

546 3126 771 3208 Mercurius

97 3209 238 3280 Haecine
262 3219 321 3280 tna
344 3212 497 3278 domest?

603 3317 719 3386 Sosia

527 3427 579 3494 Ita
600 3429 743 3512 inquam.

548 3537 773 3601 Mercurius

744 3645 808 3722 Qui
830 3665 905 3708 erus
927 3650 977 3708 est
997 3643 1098 3725 igitur
1119 3641 1202 3706 tibi?

603 3753 716 3819 Sosia

102 3857 299 3946 Amphitruo,
322 3867 378 3951 qui
400 3885 488 3930 nunc
511 3861 712 3947 praefectust
734 3860 897 3927 Thebanis
919 3858 1112 3941 legionibus,

103 3963 234 4042 Quicum
255 3981 390 4058 nuptast
411 3973 600 4038 Alcumena.

549 4079 773 4146 Mercurius

610 4188 695 4266 Quid
715 4187 785 4252 ais?
804 4186 883 4270 quid
899 4205 1018 4252 nomen
1035 4183 1150 4250 tibist?
1172 4190 1225 4245 565

105 4313 297 4332 'sb

169 4422 217 4475 354
233 4423 380 4478 Aufer-rere
449 4423 500 4476 555
518 4422 630 4476 familiae
700 4423 750 4476 357
768 4419 839 4474 Tum
