<?xml version="1.0" encoding="UTF-8"?>
<!DOCTYPE html PUBLIC "-//W3C//DTD XHTML 1.0 Transitional//EN"
    "http://www.w3.org/TR/xhtml1/DTD/xhtml1-transitional.dtd">
<html xmlns="http://www.w3.org/1999/xhtml" xml:lang="en" lang="en">
 <head>
  <title>
</title>
<meta http-equiv="Content-Type" content="text/html;charset=utf-8" />
  <meta name='ocr-system' content='tesseract 3.04.00' />
  <meta name='ocr-capabilities' content='ocr_page ocr_carea ocr_par ocr_line ocrx_word'/>
</head>
<body>
  <div class='ocr_page' id='page_1' title='image "./tmacciiplautico02ussigoog_0210.png"; bbox 0 0 2960 5038; ppageno 0'>
   <div class='ocr_carea' id='block_1_1' title="bbox 419 483 765 570">
    <p class='ocr_par' dir='ltr' id='par_1_1' title="bbox 419 483 765 570">
     <span class='ocr_line' id='line_1_1' title="bbox 419 483 765 570; baseline 0.003 -31"><span class='ocrx_word' id='word_1_1' title='bbox 419 555 427 570; x_wconf 30' lang='grc' dir='ltr'>ι</span> <span class='ocrx_word' id='word_1_2' title='bbox 552 483 765 555; x_wconf 73' lang='lat' dir='ltr'><strong>Prolegnmsua.</strong></span> 
     </span>
    </p>
   </div>
   <div class='ocr_carea' id='block_1_2' title="bbox 244 680 1079 902">
    <p class='ocr_par' dir='ltr' id='par_1_2' title="bbox 244 680 1079 902">
     <span class='ocr_line' id='line_1_2' title="bbox 648 680 676 740; baseline -0.071 0"><span class='ocrx_word' id='word_1_3' title='bbox 648 680 676 740; x_wconf 92' lang='lat'><strong>1.</strong></span> 
     </span>
     <span class='ocr_line' id='line_1_3' title="bbox 244 831 1079 902; baseline 0.001 -14"><span class='ocrx_word' id='word_1_4' title='bbox 244 833 377 889; x_wconf 76' lang='lat' dir='ltr'><strong>Breues</strong></span> <span class='ocrx_word' id='word_1_5' title='bbox 399 832 550 901; x_wconf 72' lang='lat' dir='ltr'><strong>syllaba</strong></span> <span class='ocrx_word' id='word_1_6' title='bbox 571 832 669 902; x_wconf 78' lang='lat' dir='ltr'><strong>apud</strong></span> <span class='ocrx_word' id='word_1_7' title='bbox 690 833 860 890; x_wconf 78' lang='lat' dir='ltr'><strong>Plautum</strong></span> <span class='ocrx_word' id='word_1_8' title='bbox 881 831 1079 900; x_wconf 75' lang='lat' dir='ltr'><strong>producta.</strong></span> 
     </span>
    </p>
   </div>
   <div class='ocr_carea' id='block_1_3' title="bbox 17 981 1362 4422">
    <p class='ocr_par' dir='ltr' id='par_1_3' title="bbox 89 981 1226 1659">
     <span class='ocr_line' id='line_1_4' title="bbox 174 981 1226 1063; baseline 0.001 -19"><span class='ocrx_word' id='word_1_9' title='bbox 174 981 211 1044; x_wconf 84' lang='lat' dir='ltr'><strong><em>A</em></strong></span> <span class='ocrx_word' id='word_1_10' title='bbox 235 1005 321 1045; x_wconf 88' lang='lat' dir='ltr'><strong>casus</strong></span> <span class='ocrx_word' id='word_1_11' title='bbox 347 987 425 1046; x_wconf 89' lang='lat' dir='ltr'><strong>recti</strong></span> <span class='ocrx_word' id='word_1_12' title='bbox 450 987 555 1063; x_wconf 77' lang='lat' dir='ltr'><strong>prime</strong></span> <span class='ocrx_word' id='word_1_13' title='bbox 584 985 795 1047; x_wconf 74' lang='lat' dir='ltr'><strong>declinationis</strong></span> <span class='ocrx_word' id='word_1_14' title='bbox 817 991 849 1045; x_wconf 88' lang='lat' dir='ltr'><strong>et</strong></span> <span class='ocrx_word' id='word_1_15' title='bbox 869 985 971 1044; x_wconf 80' lang='lat' dir='ltr'><strong>neutri</strong></span> <span class='ocrx_word' id='word_1_16' title='bbox 992 985 1119 1063; x_wconf 81' lang='lat' dir='ltr'><strong>pluralis</strong></span> <span class='ocrx_word' id='word_1_17' title='bbox 1148 991 1226 1045; x_wconf 89' lang='lat' dir='ltr'><strong>oete·</strong></span> 
     </span>
     <span class='ocr_line' id='line_1_5' title="bbox 89 1085 1226 1168; baseline 0.002 -22"><span class='ocrx_word' id='word_1_18' title='bbox 89 1103 194 1146; x_wconf 82' lang='lat' dir='ltr'><strong>ravum</strong></span> <span class='ocrx_word' id='word_1_19' title='bbox 212 1089 274 1147; x_wconf 87' lang='lat' dir='ltr'><strong>nisi</strong></span> <span class='ocrx_word' id='word_1_20' title='bbox 297 1089 403 1148; x_wconf 88' lang='lat' dir='ltr'><strong>vitiose</strong></span> <span class='ocrx_word' id='word_1_21' title='bbox 426 1109 445 1148; x_wconf 88' lang='lat' dir='ltr'><strong>a</strong></span> <span class='ocrx_word' id='word_1_22' title='bbox 459 1085 572 1149; x_wconf 88' lang='lat' dir='ltr'><strong>Plauto</strong></span> <span class='ocrx_word' id='word_1_23' title='bbox 589 1089 714 1168; x_wconf 80' lang='lat' dir='ltr'><strong>produci</strong></span> <span class='ocrx_word' id='word_1_24' title='bbox 736 1107 796 1148; x_wconf 87' lang='lat' dir='ltr'><strong>non</strong></span> <span class='ocrx_word' id='word_1_25' title='bbox 817 1089 953 1165; x_wconf 80' lang='lat' dir='ltr'><strong>potuisse</strong></span> <span class='ocrx_word' id='word_1_26' title='bbox 973 1087 1104 1148; x_wconf 81' lang='lat' dir='ltr'><strong>blttllero</strong></span> <span class='ocrx_word' id='word_1_27' title='bbox 1126 1088 1226 1148; x_wconf 85' lang='lat' dir='ltr'><strong>credo.</strong></span> 
     </span>
     <span class='ocr_line' id='line_1_6' title="bbox 89 1185 1226 1269; baseline 0.004 -22"><span class='ocrx_word' id='word_1_28' title='bbox 89 1185 191 1248; x_wconf 84' lang='lat' dir='ltr'><strong>Unum</strong></span> <span class='ocrx_word' id='word_1_29' title='bbox 215 1191 398 1267; x_wconf 64' lang='lat' dir='ltr'><strong>acepenm</strong></span> <span class='ocrx_word' id='word_1_30' title='bbox 425 1210 495 1250; x_wconf 89' lang='lat' dir='ltr'><strong>nam</strong></span> <span class='ocrx_word' id='word_1_31' title='bbox 522 1191 553 1251; x_wconf 89' lang='lat' dir='ltr'><strong>in</strong></span> <span class='ocrx_word' id='word_1_32' title='bbox 580 1191 752 1252; x_wconf 75' lang='lat' dir='ltr'><strong>masculinis</strong></span> <span class='ocrx_word' id='word_1_33' title='bbox 779 1189 948 1250; x_wconf 87' lang='lat' dir='ltr'><strong>nominibus</strong></span> <span class='ocrx_word' id='word_1_34' title='bbox 969 1191 1074 1269; x_wconf 76' lang='lat' dir='ltr'><strong>prima</strong></span> <span class='ocrx_word' id='word_1_35' title='bbox 1097 1189 1226 1252; x_wconf 89' lang='lat' dir='ltr'><strong>declina·</strong></span> 
     </span>
     <span class='ocr_line' id='line_1_7' title="bbox 89 1290 1226 1373; baseline 0.006 -26"><span class='ocrx_word' id='word_1_36' title='bbox 89 1291 182 1350; x_wconf 87' lang='lat' dir='ltr'><strong>tionis</strong></span> <span class='ocrx_word' id='word_1_37' title='bbox 207 1308 229 1353; x_wconf 84' lang='lat' dir='ltr'><strong>a</strong></span> <span class='ocrx_word' id='word_1_38' title='bbox 250 1291 339 1352; x_wconf 85' lang='lat' dir='ltr'><strong>finale</strong></span> <span class='ocrx_word' id='word_1_39' title='bbox 365 1292 517 1353; x_wconf 86' lang='lat' dir='ltr'><strong>interdum</strong></span> <span class='ocrx_word' id='word_1_40' title='bbox 544 1294 723 1372; x_wconf 80' lang='lat' dir='ltr'><strong>productum</strong></span> <span class='ocrx_word' id='word_1_41' title='bbox 750 1291 884 1368; x_wconf 82' lang='lat' dir='ltr'><strong>videtur,</strong></span> <span class='ocrx_word' id='word_1_42' title='bbox 911 1299 947 1353; x_wconf 91' lang='lat' dir='ltr'><strong>ut</strong></span> <span class='ocrx_word' id='word_1_43' title='bbox 971 1290 1091 1367; x_wconf 86' lang='lat' dir='ltr'><strong>„Sosia“</strong></span> <span class='ocrx_word' id='word_1_44' title='bbox 1116 1293 1226 1373; x_wconf 72' lang='lat' dir='ltr'><strong>Amph.</strong></span> 
     </span>
     <span class='ocr_line' id='line_1_8' title="bbox 91 1391 1226 1474; baseline 0.006 -25"><span class='ocrx_word' id='word_1_45' title='bbox 91 1391 163 1452; x_wconf 87' lang='grc'><strong>434.</strong></span> <span class='ocrx_word' id='word_1_46' title='bbox 189 1395 272 1468; x_wconf 90' lang='grc'><strong>435,</strong></span> <span class='ocrx_word' id='word_1_47' title='bbox 299 1391 497 1468; x_wconf 82' lang='lat' dir='ltr'><strong>„Antidama“</strong></span> <span class='ocrx_word' id='word_1_48' title='bbox 523 1396 604 1456; x_wconf 83' lang='lat' dir='ltr'><strong>Poen.</strong></span> <span class='ocrx_word' id='word_1_49' title='bbox 629 1394 708 1471; x_wconf 86' lang='grc'><strong>958,</strong></span> <span class='ocrx_word' id='word_1_50' title='bbox 730 1415 799 1456; x_wconf 84' lang='lat' dir='ltr'><strong>nam</strong></span> <span class='ocrx_word' id='word_1_51' title='bbox 820 1393 1012 1471; x_wconf 79' lang='lat' dir='ltr'><strong>Antidamas,</strong></span> <span class='ocrx_word' id='word_1_52' title='bbox 1036 1395 1117 1474; x_wconf 88' lang='lat' dir='ltr'><strong>quod</strong></span> <span class='ocrx_word' id='word_1_53' title='bbox 1140 1397 1226 1456; x_wconf 85' lang='lat' dir='ltr'><strong>codd.</strong></span> 
     </span>
     <span class='ocr_line' id='line_1_9' title="bbox 89 1493 1226 1572; baseline 0.005 -19"><span class='ocrx_word' id='word_1_54' title='bbox 89 1493 244 1571; x_wconf 76' lang='lat' dir='ltr'><strong>praebent,</strong></span> <span class='ocrx_word' id='word_1_55' title='bbox 277 1495 419 1556; x_wconf 89' lang='lat' dir='ltr'><strong>Plautina</strong></span> <span class='ocrx_word' id='word_1_56' title='bbox 452 1498 549 1558; x_wconf 84' lang='lat' dir='ltr'><strong>forma</strong></span> <span class='ocrx_word' id='word_1_57' title='bbox 582 1517 642 1558; x_wconf 86' lang='lat' dir='ltr'><strong>non</strong></span> <span class='ocrx_word' id='word_1_58' title='bbox 675 1498 806 1558; x_wconf 82' lang='lat' dir='ltr'><strong>videtur.</strong></span> <span class='ocrx_word' id='word_1_59' title='bbox 855 1497 1026 1572; x_wconf 84' lang='lat' dir='ltr'><strong>„Leonida“</strong></span> <span class='ocrx_word' id='word_1_60' title='bbox 1055 1500 1140 1559; x_wconf 79' lang='lat' dir='ltr'><strong>Asin.</strong></span> <span class='ocrx_word' id='word_1_61' title='bbox 1165 1501 1226 1559; x_wconf 79' lang='grc'><strong>’133</strong></span> 
     </span>
     <span class='ocr_line' id='line_1_10' title="bbox 90 1597 387 1659; baseline 0.01 -3"><span class='ocrx_word' id='word_1_62' title='bbox 90 1601 250 1659; x_wconf 75' lang='lat' dir='ltr'><strong>vocativus</strong></span> <span class='ocrx_word' id='word_1_63' title='bbox 271 1605 327 1658; x_wconf 91' lang='lat' dir='ltr'><strong>est.</strong></span> <span class='ocrx_word' id='word_1_64' title='bbox 384 1597 387 1604; x_wconf 52' lang='lat'><strong>⁴</strong></span> 
     </span>
    </p>

    <p class='ocr_par' dir='ltr' id='par_1_4' title="bbox 92 1695 1229 2802">
     <span class='ocr_line' id='line_1_11' title="bbox 178 1695 1226 1777; baseline 0.002 -16"><span class='ocrx_word' id='word_1_65' title='bbox 178 1695 366 1762; x_wconf 80' lang='lat' dir='ltr'><strong>Ablotioum</strong></span> <span class='ocrx_word' id='word_1_66' title='bbox 388 1697 491 1763; x_wconf 72' lang='lat' dir='ltr'><strong>tertio</strong></span> <span class='ocrx_word' id='word_1_67' title='bbox 513 1697 745 1777; x_wconf 72' lang='lat' dir='ltr'><strong>declinationis,</strong></span> <span class='ocrx_word' id='word_1_68' title='bbox 770 1703 824 1764; x_wconf 88' lang='lat' dir='ltr'><strong>ubi</strong></span> <span class='ocrx_word' id='word_1_69' title='bbox 844 1703 878 1762; x_wconf 89' lang='lat' dir='ltr'><strong>in</strong></span> <span class='ocrx_word' id='word_1_70' title='bbox 900 1717 917 1764; x_wconf 87' lang='lat' dir='ltr'><strong>e</strong></span> <span class='ocrx_word' id='word_1_71' title='bbox 939 1702 1070 1776; x_wconf 69' lang='lat' dir='ltr'><strong>duinat,</strong></span> <span class='ocrx_word' id='word_1_72' title='bbox 1094 1701 1226 1777; x_wconf 83' lang='lat' dir='ltr'><strong>brevem,</strong></span> 
     </span>
     <span class='ocr_line' id='line_1_12' title="bbox 92 1798 1226 1882; baseline 0.005 -24"><span class='ocrx_word' id='word_1_73' title='bbox 92 1799 144 1860; x_wconf 90' lang='lat' dir='ltr'><strong>ubi</strong></span> <span class='ocrx_word' id='word_1_74' title='bbox 160 1803 196 1862; x_wconf 91' lang='lat' dir='ltr'><strong>in</strong></span> <span class='ocrx_word' id='word_1_75' title='bbox 211 1798 233 1877; x_wconf 76' lang='lat' dir='ltr'><strong>i,</strong></span> <span class='ocrx_word' id='word_1_76' title='bbox 255 1804 376 1882; x_wconf 76' lang='lat' dir='ltr'><strong>longam</strong></span> <span class='ocrx_word' id='word_1_77' title='bbox 391 1805 525 1866; x_wconf 77' lang='lat' dir='ltr'><strong>vocalem</strong></span> <span class='ocrx_word' id='word_1_78' title='bbox 541 1804 662 1880; x_wconf 85' lang='lat' dir='ltr'><strong>babere,</strong></span> <span class='ocrx_word' id='word_1_79' title='bbox 686 1805 717 1864; x_wconf 90' lang='lat' dir='ltr'><strong>in</strong></span> <span class='ocrx_word' id='word_1_80' title='bbox 735 1806 837 1865; x_wconf 86' lang='lat' dir='ltr'><strong>multis</strong></span> <span class='ocrx_word' id='word_1_81' title='bbox 855 1810 955 1864; x_wconf 87' lang='lat' dir='ltr'><strong>autem</strong></span> <span class='ocrx_word' id='word_1_82' title='bbox 974 1799 1098 1864; x_wconf 76' lang='lat' dir='ltr'><strong>vocilius</strong></span> <span class='ocrx_word' id='word_1_83' title='bbox 1114 1809 1226 1864; x_wconf 87' lang='lat' dir='ltr'><strong>utram·</strong></span> 
     </span>
     <span class='ocr_line' id='line_1_13' title="bbox 94 1906 1228 1981; baseline 0.003 -18"><span class='ocrx_word' id='word_1_84' title='bbox 94 1921 152 1980; x_wconf 86' lang='lat' dir='ltr'><strong>que</strong></span> <span class='ocrx_word' id='word_1_85' title='bbox 174 1906 302 1965; x_wconf 85' lang='lat' dir='ltr'><strong>formam</strong></span> <span class='ocrx_word' id='word_1_86' title='bbox 318 1907 349 1965; x_wconf 89' lang='lat' dir='ltr'><strong>in</strong></span> <span class='ocrx_word' id='word_1_87' title='bbox 365 1926 422 1966; x_wconf 89' lang='lat' dir='ltr'><strong>usu</strong></span> <span class='ocrx_word' id='word_1_88' title='bbox 438 1907 539 1981; x_wconf 71' lang='lat' dir='ltr'><strong>misse,</strong></span> <span class='ocrx_word' id='word_1_89' title='bbox 556 1912 684 1968; x_wconf 86' lang='lat' dir='ltr'><strong>constat.</strong></span> <span class='ocrx_word' id='word_1_90' title='bbox 718 1907 820 1967; x_wconf 90' lang='lat' dir='ltr'><strong>Plauti</strong></span> <span class='ocrx_word' id='word_1_91' title='bbox 839 1911 929 1966; x_wconf 77' lang='lat' dir='ltr'><strong>atate</strong></span> <span class='ocrx_word' id='word_1_92' title='bbox 947 1906 1010 1966; x_wconf 80' lang='lat' dir='ltr'><strong>baec</strong></span> <span class='ocrx_word' id='word_1_93' title='bbox 1027 1907 1228 1966; x_wconf 84' lang='lat' dir='ltr'><strong>inconstantia</strong></span> 
     </span>
     <span class='ocr_line' id='line_1_14' title="bbox 93 2005 1226 2088; baseline 0.004 -25"><span class='ocrx_word' id='word_1_94' title='bbox 93 2005 126 2063; x_wconf 91' lang='lat' dir='ltr'><strong>in</strong></span> <span class='ocrx_word' id='word_1_95' title='bbox 151 2009 249 2068; x_wconf 87' lang='lat' dir='ltr'><strong>multo</strong></span> <span class='ocrx_word' id='word_1_96' title='bbox 276 2008 428 2086; x_wconf 85' lang='lat' dir='ltr'><strong>pluribus,</strong></span> <span class='ocrx_word' id='word_1_97' title='bbox 457 2029 495 2068; x_wconf 92' lang='lat' dir='ltr'><strong>ne</strong></span> <span class='ocrx_word' id='word_1_98' title='bbox 517 2009 615 2069; x_wconf 86' lang='lat' dir='ltr'><strong>dicam</strong></span> <span class='ocrx_word' id='word_1_99' title='bbox 635 2011 668 2068; x_wconf 91' lang='lat' dir='ltr'><strong>in</strong></span> <span class='ocrx_word' id='word_1_100' title='bbox 690 2009 843 2083; x_wconf 82' lang='lat' dir='ltr'><strong>omnibus,</strong></span> <span class='ocrx_word' id='word_1_101' title='bbox 872 2029 1013 2088; x_wconf 78' lang='lat' dir='ltr'><strong>regnasse</strong></span> <span class='ocrx_word' id='word_1_102' title='bbox 1039 2009 1174 2083; x_wconf 86' lang='lat' dir='ltr'><strong>videtur,</strong></span> <span class='ocrx_word' id='word_1_103' title='bbox 1198 2029 1226 2068; x_wconf 92' lang='lat' dir='ltr'><strong>v.</strong></span> 
     </span>
     <span class='ocr_line' id='line_1_15' title="bbox 94 2105 1228 2191; baseline 0.004 -26"><span class='ocrx_word' id='word_1_104' title='bbox 94 2105 256 2184; x_wconf 81' lang='lat' dir='ltr'><strong>Bdcheler,</strong></span> <span class='ocrx_word' id='word_1_105' title='bbox 279 2109 350 2169; x_wconf 87' lang='lat' dir='ltr'><strong>Lat.</strong></span> <span class='ocrx_word' id='word_1_106' title='bbox 371 2109 564 2173; x_wconf 85' lang='lat' dir='ltr'><strong>Declination</strong></span> <span class='ocrx_word' id='word_1_107' title='bbox 586 2133 616 2191; x_wconf 86' lang='lat' dir='ltr'><strong>p.</strong></span> <span class='ocrx_word' id='word_1_108' title='bbox 642 2113 710 2171; x_wconf 60' lang='lat'><strong>50.</strong></span> <span class='ocrx_word' id='word_1_109' title='bbox 736 2111 771 2172; x_wconf 92' lang='lat' dir='ltr'><strong>In</strong></span> <span class='ocrx_word' id='word_1_110' title='bbox 796 2111 929 2190; x_wconf 87' lang='lat' dir='ltr'><strong>antiquis</strong></span> <span class='ocrx_word' id='word_1_111' title='bbox 956 2111 1055 2171; x_wconf 84' lang='lat' dir='ltr'><strong>titulis</strong></span> <span class='ocrx_word' id='word_1_112' title='bbox 1081 2111 1146 2171; x_wconf 77' lang='lat' dir='ltr'><strong>bac</strong></span> <span class='ocrx_word' id='word_1_113' title='bbox 1167 2117 1228 2170; x_wconf 87' lang='lat' dir='ltr'><strong>ter-</strong></span> 
     </span>
     <span class='ocr_line' id='line_1_16' title="bbox 95 2209 1226 2292; baseline 0 -20"><span class='ocrx_word' id='word_1_114' title='bbox 95 2212 221 2272; x_wconf 84' lang='lat' dir='ltr'><strong>minatio</strong></span> <span class='ocrx_word' id='word_1_115' title='bbox 242 2212 395 2272; x_wconf 87' lang='lat' dir='ltr'><strong>interdum</strong></span> <span class='ocrx_word' id='word_1_116' title='bbox 417 2209 448 2276; x_wconf 82' lang='lat' dir='ltr'><strong>ei</strong></span> <span class='ocrx_word' id='word_1_117' title='bbox 469 2219 523 2288; x_wconf 86' lang='lat' dir='ltr'><strong>eet,</strong></span> <span class='ocrx_word' id='word_1_118' title='bbox 546 2219 582 2274; x_wconf 91' lang='lat' dir='ltr'><strong>ut</strong></span> <span class='ocrx_word' id='word_1_119' title='bbox 605 2211 767 2288; x_wconf 83' lang='lat' dir='ltr'><strong>„uirtutei“</strong></span> <span class='ocrx_word' id='word_1_120' title='bbox 793 2213 881 2292; x_wconf 83' lang='lat' dir='ltr'><strong>Oorp.</strong></span> <span class='ocrx_word' id='word_1_121' title='bbox 899 2213 976 2274; x_wconf 89' lang='lat' dir='ltr'><strong>Insc.</strong></span> <span class='ocrx_word' id='word_1_122' title='bbox 994 2213 1062 2273; x_wconf 90' lang='lat' dir='ltr'><strong>Lat.</strong></span> <span class='ocrx_word' id='word_1_123' title='bbox 1080 2213 1103 2289; x_wconf 89' lang='lat'><strong>1,</strong></span> <span class='ocrx_word' id='word_1_124' title='bbox 1121 2214 1178 2286; x_wconf 90' lang='grc'><strong>34,</strong></span> <span class='ocrx_word' id='word_1_125' title='bbox 1199 2216 1226 2272; x_wconf 91' lang='grc'><strong>5.</strong></span> 
     </span>
     <span class='ocr_line' id='line_1_17' title="bbox 99 2312 1228 2395; baseline 0.001 -22"><span class='ocrx_word' id='word_1_126' title='bbox 99 2312 230 2385; x_wconf 83' lang='lat' dir='ltr'><strong>„fontei“</strong></span> <span class='ocrx_word' id='word_1_127' title='bbox 259 2317 330 2388; x_wconf 89' lang='grc'><strong>199,</strong></span> <span class='ocrx_word' id='word_1_128' title='bbox 351 2317 379 2376; x_wconf 82' lang='grc'><strong>7.</strong></span> <span class='ocrx_word' id='word_1_129' title='bbox 414 2312 549 2395; x_wconf 82' lang='lat' dir='ltr'><strong>„partei“</strong></span> <span class='ocrx_word' id='word_1_130' title='bbox 576 2317 648 2390; x_wconf 77' lang='grc'><strong>206,</strong></span> <span class='ocrx_word' id='word_1_131' title='bbox 667 2317 707 2376; x_wconf 77' lang='lat'><strong>25</strong></span> <span class='ocrx_word' id='word_1_132' title='bbox 725 2321 757 2374; x_wconf 86' lang='lat' dir='ltr'><strong>et</strong></span> <span class='ocrx_word' id='word_1_133' title='bbox 775 2317 825 2376; x_wconf 82' lang='grc'><strong>97.</strong></span> <span class='ocrx_word' id='word_1_134' title='bbox 858 2315 1054 2376; x_wconf 84' lang='lat' dir='ltr'><strong>lnPlautinis</strong></span> <span class='ocrx_word' id='word_1_135' title='bbox 1077 2314 1228 2376; x_wconf 87' lang='lat' dir='ltr'><strong>codicibus</strong></span> 
     </span>
     <span class='ocr_line' id='line_1_18' title="bbox 97 2413 1227 2496; baseline 0.001 -22"><span class='ocrx_word' id='word_1_136' title='bbox 97 2415 256 2477; x_wconf 86' lang='lat' dir='ltr'><strong>admodum</strong></span> <span class='ocrx_word' id='word_1_137' title='bbox 278 2419 394 2477; x_wconf 87' lang='lat' dir='ltr'><strong>incerta</strong></span> <span class='ocrx_word' id='word_1_138' title='bbox 414 2417 504 2478; x_wconf 77' lang='lat' dir='ltr'><strong>basius</strong></span> <span class='ocrx_word' id='word_1_139' title='bbox 526 2415 683 2496; x_wconf 73' lang='lat' dir='ltr'><strong>scriptura</strong></span> <span class='ocrx_word' id='word_1_140' title='bbox 703 2418 831 2493; x_wconf 79' lang='lat' dir='ltr'><strong>vestigia</strong></span> <span class='ocrx_word' id='word_1_141' title='bbox 852 2423 974 2476; x_wconf 86' lang='lat' dir='ltr'><strong>manent</strong></span> <span class='ocrx_word' id='word_1_142' title='bbox 996 2413 1043 2492; x_wconf 91' lang='lat' dir='ltr'><strong>(nt</strong></span> <span class='ocrx_word' id='word_1_143' title='bbox 1059 2417 1125 2477; x_wconf 84' lang='lat' dir='ltr'><strong>Mil.</strong></span> <span class='ocrx_word' id='word_1_144' title='bbox 1146 2417 1227 2477; x_wconf 91' lang='grc'><strong>1036</strong></span> 
     </span>
     <span class='ocr_line' id='line_1_19' title="bbox 101 2516 1227 2598; baseline -0.001 -20"><span class='ocrx_word' id='word_1_145' title='bbox 101 2521 234 2589; x_wconf 82' lang='lat' dir='ltr'><strong>„uirtute</strong></span> <span class='ocrx_word' id='word_1_146' title='bbox 260 2517 342 2594; x_wconf 78' lang='lat' dir='ltr'><strong>et“);</strong></span> <span class='ocrx_word' id='word_1_147' title='bbox 374 2519 428 2579; x_wconf 88' lang='lat' dir='ltr'><strong>sed</strong></span> <span class='ocrx_word' id='word_1_148' title='bbox 460 2521 573 2598; x_wconf 86' lang='lat' dir='ltr'><strong>partim</strong></span> <span class='ocrx_word' id='word_1_149' title='bbox 605 2518 754 2579; x_wconf 86' lang='lat' dir='ltr'><strong>ablativos</strong></span> <span class='ocrx_word' id='word_1_150' title='bbox 782 2521 918 2578; x_wconf 83' lang='lat' dir='ltr'><strong>invenias</strong></span> <span class='ocrx_word' id='word_1_151' title='bbox 947 2521 979 2579; x_wconf 88' lang='lat' dir='ltr'><strong>iu</strong></span> <span class='ocrx_word' id='word_1_152' title='bbox 1006 2516 1020 2580; x_wconf 79' lang='lat' dir='ltr'><strong>i</strong></span> <span class='ocrx_word' id='word_1_153' title='bbox 1047 2518 1227 2593; x_wconf 88' lang='lat' dir='ltr'><strong>desinentes,</strong></span> 
     </span>
     <span class='ocr_line' id='line_1_20' title="bbox 100 2619 1228 2700; baseline 0 -20"><span class='ocrx_word' id='word_1_154' title='bbox 100 2623 151 2696; x_wconf 89' lang='lat' dir='ltr'><strong>qui</strong></span> <span class='ocrx_word' id='word_1_155' title='bbox 173 2623 260 2700; x_wconf 77' lang='lat' dir='ltr'><strong>volgo</strong></span> <span class='ocrx_word' id='word_1_156' title='bbox 281 2623 313 2682; x_wconf 92' lang='lat' dir='ltr'><strong>in</strong></span> <span class='ocrx_word' id='word_1_157' title='bbox 336 2637 352 2682; x_wconf 88' lang='lat' dir='ltr'><strong>e</strong></span> <span class='ocrx_word' id='word_1_158' title='bbox 374 2627 494 2696; x_wconf 81' lang='lat' dir='ltr'><strong>exeunt,</strong></span> <span class='ocrx_word' id='word_1_159' title='bbox 517 2627 552 2682; x_wconf 90' lang='lat' dir='ltr'><strong>nt</strong></span> <span class='ocrx_word' id='word_1_160' title='bbox 571 2619 680 2696; x_wconf 69' lang='grc' dir='ltr'><strong>,ιιιειιιι</strong></span> <span class='ocrx_word' id='word_1_161' title='bbox 704 2621 790 2700; x_wconf 71' lang='lat' dir='ltr'><strong>capt.</strong></span> <span class='ocrx_word' id='word_1_162' title='bbox 810 2623 882 2695; x_wconf 92' lang='grc'><strong>888,</strong></span> <span class='ocrx_word' id='word_1_163' title='bbox 909 2619 1022 2696; x_wconf 82' lang='lat' dir='ltr'><strong>„sorti“</strong></span> <span class='ocrx_word' id='word_1_164' title='bbox 1044 2619 1142 2682; x_wconf 83' lang='lat' dir='ltr'><strong>Oasin.</strong></span> <span class='ocrx_word' id='word_1_165' title='bbox 1156 2622 1228 2695; x_wconf 55' lang='lat'><strong>405⁴,</strong></span> 
     </span>
     <span class='ocr_line' id='line_1_21' title="bbox 102 2720 1229 2802; baseline -0.004 -18"><span class='ocrx_word' id='word_1_166' title='bbox 102 2723 218 2800; x_wconf 78' lang='lat' dir='ltr'><strong>„parti“</strong></span> <span class='ocrx_word' id='word_1_167' title='bbox 241 2723 323 2784; x_wconf 85' lang='lat' dir='ltr'><strong>Men.</strong></span> <span class='ocrx_word' id='word_1_168' title='bbox 348 2725 420 2784; x_wconf 89' lang='grc'><strong>468.</strong></span> <span class='ocrx_word' id='word_1_169' title='bbox 455 2723 537 2784; x_wconf 88' lang='lat' dir='ltr'><strong>Pers.</strong></span> <span class='ocrx_word' id='word_1_170' title='bbox 562 2725 613 2784; x_wconf 75' lang='lat'><strong>72.</strong></span> <span class='ocrx_word' id='word_1_171' title='bbox 662 2721 758 2799; x_wconf 84' lang='lat' dir='ltr'><strong>„luai“</strong></span> <span class='ocrx_word' id='word_1_172' title='bbox 783 2723 853 2784; x_wconf 79' lang='lat' dir='ltr'><strong>Aul.</strong></span> <span class='ocrx_word' id='word_1_173' title='bbox 878 2725 957 2800; x_wconf 84' lang='grc'><strong>739,</strong></span> <span class='ocrx_word' id='word_1_174' title='bbox 984 2720 1137 2802; x_wconf 87' lang='lat' dir='ltr'><strong>„vesperi“</strong></span> <span class='ocrx_word' id='word_1_175' title='bbox 1162 2722 1229 2783; x_wconf 85' lang='lat' dir='ltr'><strong>Mil.</strong></span> 
     </span>
    </p>

    <p class='ocr_par' dir='ltr' id='par_1_5' title="bbox 17 2824 1231 2921">
     <span class='ocr_line' id='line_1_22' title="bbox 17 2824 1231 2921; baseline 0.001 -38"><span class='ocrx_word' id='word_1_176' title='bbox 17 2863 20 2916; x_wconf 51' lang='lat'>3</span> <span class='ocrx_word' id='word_1_177' title='bbox 102 2824 178 2900; x_wconf 88' lang='grc'><strong>995,</strong></span> <span class='ocrx_word' id='word_1_178' title='bbox 199 2829 309 2905; x_wconf 82' lang='lat' dir='ltr'><strong>partim</strong></span> <span class='ocrx_word' id='word_1_179' title='bbox 331 2827 436 2886; x_wconf 86' lang='lat' dir='ltr'><strong>littera</strong></span> <span class='ocrx_word' id='word_1_180' title='bbox 457 2843 474 2887; x_wconf 82' lang='lat' dir='ltr'><strong>c</strong></span> <span class='ocrx_word' id='word_1_181' title='bbox 495 2827 687 2900; x_wconf 82' lang='lat' dir='ltr'><strong>terminatos,</strong></span> <span class='ocrx_word' id='word_1_182' title='bbox 710 2827 847 2903; x_wconf 88' lang='lat' dir='ltr'><strong>quamvis</strong></span> <span class='ocrx_word' id='word_1_183' title='bbox 869 2826 959 2921; x_wconf 72' lang='lat' dir='ltr'><strong>longa</strong></span> <span class='ocrx_word' id='word_1_184' title='bbox 980 2825 1096 2903; x_wconf 80' lang='lat' dir='ltr'><strong>syllaba</strong></span> <span class='ocrx_word' id='word_1_185' title='bbox 1117 2825 1172 2898; x_wconf 85' lang='lat' dir='ltr'><strong>ait,</strong></span> <span class='ocrx_word' id='word_1_186' title='bbox 1196 2831 1231 2884; x_wconf 89' lang='lat' dir='ltr'><strong>ut</strong></span> 
     </span>
    </p>

    <p class='ocr_par' dir='ltr' id='par_1_6' title="bbox 17 2919 1232 3316">
     <span class='ocr_line' id='line_1_23' title="bbox 17 2919 1230 3011; baseline 0 -24"><span class='ocrx_word' id='word_1_187' title='bbox 17 2919 19 3011; x_wconf 50' lang='lat' dir='ltr'><em>J</em></span> <span class='ocrx_word' id='word_1_188' title='bbox 105 2927 202 3001; x_wconf 84' lang='lat' dir='ltr'><strong>„rete“</strong></span> <span class='ocrx_word' id='word_1_189' title='bbox 226 2931 311 2989; x_wconf 84' lang='lat' dir='ltr'><strong>Asin.</strong></span> <span class='ocrx_word' id='word_1_190' title='bbox 326 2932 375 3004; x_wconf 90' lang='grc'><strong>99,</strong></span> <span class='ocrx_word' id='word_1_191' title='bbox 402 2925 553 3004; x_wconf 81' lang='lat' dir='ltr'><strong>„furfure“</strong></span> <span class='ocrx_word' id='word_1_192' title='bbox 576 2929 663 3007; x_wconf 83' lang='lat' dir='ltr'><strong>Capt.</strong></span> <span class='ocrx_word' id='word_1_193' title='bbox 677 2931 749 3002; x_wconf 85' lang='grc'><strong>799,</strong></span> <span class='ocrx_word' id='word_1_194' title='bbox 776 2925 899 3003; x_wconf 76' lang='lat' dir='ltr'><strong>„caine“</strong></span> <span class='ocrx_word' id='word_1_195' title='bbox 921 2928 1048 3002; x_wconf 69' lang='lat'><strong>55907,</strong></span> <span class='ocrx_word' id='word_1_196' title='bbox 1075 2923 1230 3007; x_wconf 67' lang='lat' dir='ltr'><strong>„pendete”</strong></span> 
     </span>
     <span class='ocr_line' id='line_1_24' title="bbox 102 3027 1230 3108; baseline 0 -18"><span class='ocrx_word' id='word_1_197' title='bbox 102 3028 166 3090; x_wconf 79' lang='lat' dir='ltr'><strong>(las.</strong></span> <span class='ocrx_word' id='word_1_198' title='bbox 181 3033 249 3108; x_wconf 89' lang='grc'><strong>140,</strong></span> <span class='ocrx_word' id='word_1_199' title='bbox 276 3028 418 3107; x_wconf 82' lang='lat' dir='ltr'><strong>„ordine“</strong></span> <span class='ocrx_word' id='word_1_200' title='bbox 442 3030 484 3090; x_wconf 86' lang='lat' dir='ltr'><strong>ib.</strong></span> <span class='ocrx_word' id='word_1_201' title='bbox 505 3031 577 3091; x_wconf 90' lang='grc'><strong>830.</strong></span> <span class='ocrx_word' id='word_1_202' title='bbox 600 3030 709 3092; x_wconf 78' lang='lat' dir='ltr'><strong>Pseud.</strong></span> <span class='ocrx_word' id='word_1_203' title='bbox 729 3032 801 3091; x_wconf 81' lang='grc'><strong>766.</strong></span> <span class='ocrx_word' id='word_1_204' title='bbox 828 3032 920 3104; x_wconf 87' lang='grc'><strong>1310,</strong></span> <span class='ocrx_word' id='word_1_205' title='bbox 947 3027 1078 3104; x_wconf 84' lang='lat' dir='ltr'><strong>„milite“</strong></span> <span class='ocrx_word' id='word_1_206' title='bbox 1097 3030 1139 3089; x_wconf 89' lang='lat' dir='ltr'><strong>ib.</strong></span> <span class='ocrx_word' id='word_1_207' title='bbox 1158 3031 1230 3090; x_wconf 82' lang='lat'><strong>620.</strong></span> 
     </span>
     <span class='ocr_line' id='line_1_25' title="bbox 102 3127 1232 3213; baseline -0.004 -18"><span class='ocrx_word' id='word_1_208' title='bbox 102 3132 211 3206; x_wconf 73' lang='lat' dir='ltr'><strong>Quibus</strong></span> <span class='ocrx_word' id='word_1_209' title='bbox 238 3136 270 3195; x_wconf 89' lang='lat' dir='ltr'><strong>in</strong></span> <span class='ocrx_word' id='word_1_210' title='bbox 296 3136 375 3213; x_wconf 84' lang='lat' dir='ltr'><strong>locis¹</strong></span> <span class='ocrx_word' id='word_1_211' title='bbox 399 3133 426 3193; x_wconf 89' lang='lat' dir='ltr'><strong>si</strong></span> <span class='ocrx_word' id='word_1_212' title='bbox 455 3135 522 3212; x_wconf 89' lang='lat' dir='ltr'><strong>quis</strong></span> <span class='ocrx_word' id='word_1_213' title='bbox 551 3132 651 3193; x_wconf 86' lang='lat' dir='ltr'><strong>editor</strong></span> <span class='ocrx_word' id='word_1_214' title='bbox 679 3135 857 3194; x_wconf 78' lang='lat' dir='ltr'><strong>constantia</strong></span> <span class='ocrx_word' id='word_1_215' title='bbox 885 3151 973 3192; x_wconf 88' lang='lat' dir='ltr'><strong>causa</strong></span> <span class='ocrx_word' id='word_1_216' title='bbox 1001 3137 1054 3192; x_wconf 88' lang='lat' dir='ltr'><strong>aut</strong></span> <span class='ocrx_word' id='word_1_217' title='bbox 1078 3129 1094 3192; x_wconf 78' lang='grc' dir='ltr'>ι’</span> <span class='ocrx_word' id='word_1_218' title='bbox 1120 3137 1174 3191; x_wconf 89' lang='lat' dir='ltr'><strong>aut</strong></span> <span class='ocrx_word' id='word_1_219' title='bbox 1202 3127 1232 3192; x_wconf 81' lang='lat' dir='ltr'><strong>ei</strong></span> 
     </span>
     <span class='ocr_line' id='line_1_26' title="bbox 103 3236 608 3316; baseline 0.006 -23"><span class='ocrx_word' id='word_1_220' title='bbox 103 3236 219 3312; x_wconf 77' lang='lat' dir='ltr'><strong>scribat,</strong></span> <span class='ocrx_word' id='word_1_221' title='bbox 241 3237 409 3316; x_wconf 74' lang='lat' dir='ltr'><strong>vituperali</strong></span> <span class='ocrx_word' id='word_1_222' title='bbox 430 3237 481 3294; x_wconf 83' lang='lat' dir='ltr'><strong>vix</strong></span> <span class='ocrx_word' id='word_1_223' title='bbox 502 3237 608 3314; x_wconf 83' lang='lat' dir='ltr'><strong>possit.</strong></span> 
     </span>
    </p>

    <p class='ocr_par' dir='ltr' id='par_1_7' title="bbox 103 3332 1343 3518">
     <span class='ocr_line' id='line_1_27' title="bbox 183 3332 1343 3420; baseline -0.005 -22"><span class='ocrx_word' id='word_1_224' title='bbox 183 3337 337 3400; x_wconf 85' lang='lat' dir='ltr'><strong>Vocabula</strong></span> <span class='ocrx_word' id='word_1_225' title='bbox 357 3332 449 3413; x_wconf 68' lang='lat' dir='ltr'><strong>mhi,</strong></span> <span class='ocrx_word' id='word_1_226' title='bbox 475 3333 542 3413; x_wconf 74' lang='lat' dir='ltr'><strong>tibi,</strong></span> <span class='ocrx_word' id='word_1_227' title='bbox 565 3333 629 3400; x_wconf 75' lang='lat' dir='ltr'><strong>sibi</strong></span> <span class='ocrx_word' id='word_1_228' title='bbox 650 3338 786 3399; x_wconf 85' lang='lat' dir='ltr'><strong>ultimam</strong></span> <span class='ocrx_word' id='word_1_229' title='bbox 808 3357 887 3417; x_wconf 78' lang='lat' dir='ltr'><strong>sape</strong></span> <span class='ocrx_word' id='word_1_230' title='bbox 910 3336 1076 3414; x_wconf 83' lang='lat' dir='ltr'><strong>producere</strong></span> <span class='ocrx_word' id='word_1_231' title='bbox 1098 3335 1231 3394; x_wconf 79' lang='lat' dir='ltr'><strong>ostendit</strong></span> <span class='ocrx_word' id='word_1_232' title='bbox 1338 3410 1343 3420; x_wconf 95' lang='lat'><strong>.</strong></span> 
     </span>
     <span class='ocr_line' id='line_1_28' title="bbox 103 3438 432 3518; baseline 0.003 -20"><span class='ocrx_word' id='word_1_233' title='bbox 103 3438 228 3517; x_wconf 80' lang='lat' dir='ltr'><strong>Spengel</strong></span> <span class='ocrx_word' id='word_1_234' title='bbox 248 3459 292 3518; x_wconf 61' lang='lat' dir='ltr'><strong>pu</strong></span> <span class='ocrx_word' id='word_1_235' title='bbox 304 3443 343 3500; x_wconf 86' lang='grc'><strong>55</strong></span> <span class='ocrx_word' id='word_1_236' title='bbox 367 3459 432 3518; x_wconf 89' lang='lat' dir='ltr'><strong>sqq.</strong></span> 
     </span>
    </p>

    <p class='ocr_par' dir='ltr' id='par_1_8' title="bbox 104 3537 1232 3825">
     <span class='ocr_line' id='line_1_29' title="bbox 182 3537 1230 3622; baseline -0.006 -20"><span class='ocrx_word' id='word_1_237' title='bbox 182 3537 256 3622; x_wconf 72' lang='lat' dir='ltr'><strong>Eyo</strong></span> <span class='ocrx_word' id='word_1_238' title='bbox 282 3541 431 3621; x_wconf 85' lang='lat' dir='ltr'><strong>producta</strong></span> <span class='ocrx_word' id='word_1_239' title='bbox 458 3541 566 3602; x_wconf 85' lang='lat' dir='ltr'><strong>ultima</strong></span> <span class='ocrx_word' id='word_1_240' title='bbox 592 3543 728 3602; x_wconf 85' lang='lat' dir='ltr'><strong>invenias</strong></span> <span class='ocrx_word' id='word_1_241' title='bbox 755 3541 864 3620; x_wconf 83' lang='lat' dir='ltr'><strong>Amph.</strong></span> <span class='ocrx_word' id='word_1_242' title='bbox 891 3541 960 3600; x_wconf 91' lang='grc'><strong>196.</strong></span> <span class='ocrx_word' id='word_1_243' title='bbox 993 3537 1062 3598; x_wconf 82' lang='grc' dir='ltr'>Δίιι.</span> <span class='ocrx_word' id='word_1_244' title='bbox 1086 3538 1162 3611; x_wconf 90' lang='grc'><strong>499,</strong></span> <span class='ocrx_word' id='word_1_245' title='bbox 1192 3537 1230 3596; x_wconf 86' lang='lat' dir='ltr'><strong>el.</strong></span> 
     </span>
     <span class='ocr_line' id='line_1_30' title="bbox 104 3639 1232 3722; baseline -0.004 -20"><span class='ocrx_word' id='word_1_246' title='bbox 104 3644 136 3702; x_wconf 84' lang='lat' dir='ltr'><strong>oi.</strong></span> <span class='ocrx_word' id='word_1_247' title='bbox 158 3645 270 3704; x_wconf 83' lang='lat' dir='ltr'><strong>Mitller</strong></span> <span class='ocrx_word' id='word_1_248' title='bbox 290 3665 321 3722; x_wconf 86' lang='lat' dir='ltr'><strong>p.</strong></span> <span class='ocrx_word' id='word_1_249' title='bbox 346 3645 397 3704; x_wconf 89' lang='grc'><strong>30.</strong></span> <span class='ocrx_word' id='word_1_250' title='bbox 420 3673 464 3685; x_wconf 90' lang='grc'>-</span> <span class='ocrx_word' id='word_1_251' title='bbox 484 3639 585 3704; x_wconf 80' lang='lat' dir='ltr'><strong>Modo</strong></span> <span class='ocrx_word' id='word_1_252' title='bbox 606 3644 715 3722; x_wconf 83' lang='lat' dir='ltr'><strong>Amph.</strong></span> <span class='ocrx_word' id='word_1_253' title='bbox 742 3645 813 3704; x_wconf 91' lang='grc'><strong>640.</strong></span> <span class='ocrx_word' id='word_1_254' title='bbox 836 3643 920 3702; x_wconf 84' lang='lat' dir='ltr'><strong>Asin.</strong></span> <span class='ocrx_word' id='word_1_255' title='bbox 945 3643 973 3701; x_wconf 89' lang='grc'><strong>5.</strong></span> <span class='ocrx_word' id='word_1_256' title='bbox 997 3642 1070 3700; x_wconf 90' lang='grc'><strong>860.</strong></span> <span class='ocrx_word' id='word_1_257' title='bbox 1094 3640 1166 3699; x_wconf 84' lang='grc'><strong>867.</strong></span> <span class='ocrx_word' id='word_1_258' title='bbox 1189 3669 1232 3680; x_wconf 92' lang='lat'>-</span> 
     </span>
     <span class='ocr_line' id='line_1_31' title="bbox 104 3741 1108 3825; baseline -0.006 -19"><span class='ocrx_word' id='word_1_259' title='bbox 104 3741 199 3808; x_wconf 87' lang='lat' dir='ltr'><strong>Immo</strong></span> <span class='ocrx_word' id='word_1_260' title='bbox 221 3747 303 3825; x_wconf 87' lang='lat' dir='ltr'><strong>apud</strong></span> <span class='ocrx_word' id='word_1_261' title='bbox 325 3746 466 3806; x_wconf 87' lang='lat' dir='ltr'><strong>Plautum</strong></span> <span class='ocrx_word' id='word_1_262' title='bbox 488 3765 607 3825; x_wconf 85' lang='lat' dir='ltr'><strong>semper</strong></span> <span class='ocrx_word' id='word_1_263' title='bbox 629 3747 765 3805; x_wconf 86' lang='lat' dir='ltr'><strong>ultimam</strong></span> <span class='ocrx_word' id='word_1_264' title='bbox 788 3745 908 3822; x_wconf 82' lang='lat' dir='ltr'><strong>longam</strong></span> <span class='ocrx_word' id='word_1_265' title='bbox 929 3743 1031 3802; x_wconf 87' lang='lat' dir='ltr'><strong>habet.</strong></span> <span class='ocrx_word' id='word_1_266' title='bbox 1106 3783 1108 3786; x_wconf 92' lang='lat'>-</span> 
     </span>
    </p>

    <p class='ocr_par' dir='ltr' id='par_1_9' title="bbox 102 3844 1233 4029">
     <span class='ocr_line' id='line_1_32' title="bbox 182 3844 1233 3926; baseline -0.005 -18"><span class='ocrx_word' id='word_1_267' title='bbox 182 3848 284 3908; x_wconf 85' lang='lat' dir='ltr'><strong>Verba</strong></span> <span class='ocrx_word' id='word_1_268' title='bbox 305 3851 338 3906; x_wconf 93' lang='lat' dir='ltr'><strong>in</strong></span> <span class='ocrx_word' id='word_1_269' title='bbox 361 3865 399 3910; x_wconf 85' lang='lat' dir='ltr'><strong>ar</strong></span> <span class='ocrx_word' id='word_1_270' title='bbox 419 3848 589 3908; x_wconf 79' lang='lat' dir='ltr'><strong>desinentia</strong></span> <span class='ocrx_word' id='word_1_271' title='bbox 611 3867 689 3926; x_wconf 76' lang='lat' dir='ltr'><strong>sepe</strong></span> <span class='ocrx_word' id='word_1_272' title='bbox 708 3847 790 3926; x_wconf 89' lang='lat' dir='ltr'><strong>apud</strong></span> <span class='ocrx_word' id='word_1_273' title='bbox 802 3844 943 3905; x_wconf 86' lang='lat' dir='ltr'><strong>Plautum</strong></span> <span class='ocrx_word' id='word_1_274' title='bbox 961 3847 1095 3905; x_wconf 85' lang='lat' dir='ltr'><strong>nltimam</strong></span> <span class='ocrx_word' id='word_1_275' title='bbox 1111 3846 1233 3922; x_wconf 82' lang='lat' dir='ltr'><strong>longam</strong></span> 
     </span>
     <span class='ocr_line' id='line_1_33' title="bbox 102 3948 990 4029; baseline -0.007 -17"><span class='ocrx_word' id='word_1_276' title='bbox 102 3951 219 4026; x_wconf 66' lang='lat' dir='ltr'><strong>bunt,</strong></span> <span class='ocrx_word' id='word_1_277' title='bbox 245 3951 298 4011; x_wconf 77' lang='lat' dir='ltr'><strong>vid</strong></span> <span class='ocrx_word' id='word_1_278' title='bbox 319 3951 428 4029; x_wconf 81' lang='lat' dir='ltr'><strong>Amph.</strong></span> <span class='ocrx_word' id='word_1_279' title='bbox 453 3953 503 4010; x_wconf 84' lang='lat' dir='ltr'><strong>ee.</strong></span> <span class='ocrx_word' id='word_1_280' title='bbox 529 3953 599 4010; x_wconf 92' lang='lat'><strong>555.</strong></span> <span class='ocrx_word' id='word_1_281' title='bbox 627 3951 718 4011; x_wconf 79' lang='lat'><strong>1072.</strong></span> <span class='ocrx_word' id='word_1_282' title='bbox 752 3948 863 4008; x_wconf 69' lang='lat' dir='ltr'><strong>Mane</strong></span> <span class='ocrx_word' id='word_1_283' title='bbox 885 3968 915 4026; x_wconf 83' lang='lat' dir='ltr'><strong>p.</strong></span> <span class='ocrx_word' id='word_1_284' title='bbox 940 3949 990 4007; x_wconf 71' lang='lat' dir='ltr'><strong>ev.</strong></span> 
     </span>
    </p>

    <p class='ocr_par' dir='ltr' id='par_1_10' title="bbox 184 4049 1230 4129">
     <span class='ocr_line' id='line_1_34' title="bbox 184 4049 1230 4129; baseline -0.004 -17"><span class='ocrx_word' id='word_1_285' title='bbox 184 4054 354 4114; x_wconf 79' lang='lat' dir='ltr'><strong>Verborum</strong></span> <span class='ocrx_word' id='word_1_286' title='bbox 376 4054 408 4111; x_wconf 88' lang='lat' dir='ltr'><strong>iu</strong></span> <span class='ocrx_word' id='word_1_287' title='bbox 431 4069 465 4113; x_wconf 84' lang='lat' dir='ltr'><strong>er</strong></span> <span class='ocrx_word' id='word_1_288' title='bbox 486 4054 715 4112; x_wconf 85' lang='lat' dir='ltr'><strong>terminatorum</strong></span> <span class='ocrx_word' id='word_1_289' title='bbox 738 4051 853 4111; x_wconf 90' lang='lat' dir='ltr'><strong>nullum</strong></span> <span class='ocrx_word' id='word_1_290' title='bbox 875 4050 936 4109; x_wconf 86' lang='lat' dir='ltr'><strong>tela</strong></span> <span class='ocrx_word' id='word_1_291' title='bbox 955 4055 1037 4110; x_wconf 83' lang='lat' dir='ltr'><strong>extat</strong></span> <span class='ocrx_word' id='word_1_292' title='bbox 1054 4049 1230 4129; x_wconf 80' lang='lat' dir='ltr'><strong>exemplum.</strong></span> 
     </span>
    </p>

    <p class='ocr_par' dir='ltr' id='par_1_11' title="bbox 189 4145 1362 4234">
     <span class='ocr_line' id='line_1_35' title="bbox 189 4145 1362 4234; baseline -0.007 -17"><span class='ocrx_word' id='word_1_293' title='bbox 189 4150 234 4218; x_wconf 89' lang='lat' dir='ltr'><strong>Or</strong></span> <span class='ocrx_word' id='word_1_294' title='bbox 255 4157 377 4234; x_wconf 78' lang='lat' dir='ltr'><strong>longum</strong></span> <span class='ocrx_word' id='word_1_295' title='bbox 400 4173 464 4214; x_wconf 89' lang='lat' dir='ltr'><strong>esse</strong></span> <span class='ocrx_word' id='word_1_296' title='bbox 486 4160 588 4233; x_wconf 85' lang='lat' dir='ltr'><strong>potest</strong></span> <span class='ocrx_word' id='word_1_297' title='bbox 610 4159 642 4213; x_wconf 87' lang='lat' dir='ltr'><strong>et</strong></span> <span class='ocrx_word' id='word_1_298' title='bbox 662 4155 695 4212; x_wconf 90' lang='lat' dir='ltr'><strong>in</strong></span> <span class='ocrx_word' id='word_1_299' title='bbox 717 4153 825 4228; x_wconf 82' lang='lat' dir='ltr'><strong>verbis,</strong></span> <span class='ocrx_word' id='word_1_300' title='bbox 847 4157 883 4212; x_wconf 88' lang='lat' dir='ltr'><strong>ut</strong></span> <span class='ocrx_word' id='word_1_301' title='bbox 899 4151 984 4230; x_wconf 78' lang='lat' dir='ltr'><strong>Capi.</strong></span> <span class='ocrx_word' id='word_1_302' title='bbox 1006 4145 1086 4212; x_wconf 92' lang='grc'><strong>1016</strong></span> <span class='ocrx_word' id='word_1_303' title='bbox 1114 4171 1233 4229; x_wconf 75' lang='lat' dir='ltr'><strong>„regme-</strong></span> <span class='ocrx_word' id='word_1_304' title='bbox 1358 4179 1362 4190; x_wconf 93' lang='lat'>·</span> 
     </span>
    </p>

    <p class='ocr_par' dir='ltr' id='par_1_12' title="bbox 17 4250 1230 4422">
     <span class='ocr_line' id='line_1_36' title="bbox 17 4250 1230 4352; baseline -0.007 -33"><span class='ocrx_word' id='word_1_305' title='bbox 17 4279 19 4352; x_wconf 52' lang='lat' dir='ltr'>j</span> <span class='ocrx_word' id='word_1_306' title='bbox 105 4257 199 4334; x_wconf 86' lang='lat' dir='ltr'><strong>dior“‚</strong></span> <span class='ocrx_word' id='word_1_307' title='bbox 222 4259 368 4319; x_wconf 77' lang='grc'><strong>1111634</strong></span> <span class='ocrx_word' id='word_1_308' title='bbox 389 4254 576 4336; x_wconf 83' lang='lat' dir='ltr'><strong>„experior“,</strong></span> <span class='ocrx_word' id='word_1_309' title='bbox 595 4257 645 4331; x_wconf 81' lang='lat' dir='ltr'><strong>al,</strong></span> <span class='ocrx_word' id='word_1_310' title='bbox 664 4261 696 4316; x_wconf 90' lang='lat' dir='ltr'><strong>et</strong></span> <span class='ocrx_word' id='word_1_311' title='bbox 716 4257 749 4316; x_wconf 92' lang='lat' dir='ltr'><strong>in</strong></span> <span class='ocrx_word' id='word_1_312' title='bbox 769 4253 951 4328; x_wconf 88' lang='lat' dir='ltr'><strong>nominibus,</strong></span> <span class='ocrx_word' id='word_1_313' title='bbox 975 4259 1010 4312; x_wconf 88' lang='grc' dir='ltr'><strong>ιιι</strong></span> <span class='ocrx_word' id='word_1_314' title='bbox 1029 4250 1230 4330; x_wconf 84' lang='lat' dir='ltr'><strong>„imperator“</strong></span> 
     </span>
     <span class='ocr_line' id='line_1_37' title="bbox 979 4365 1027 4422; baseline 0.042 -2"><span class='ocrx_word' id='word_1_315' title='bbox 979 4365 1027 4422; x_wconf 74' lang='lat'><strong>13*</strong></span> 
     </span>
    </p>
   </div>
   <div class='ocr_carea' id='block_1_4' title="bbox 0 0 1507 5038">
    <p class='ocr_par' dir='ltr' id='par_1_13' title="bbox 0 0 1507 5038">
     <span class='ocr_line' id='line_1_38' title="bbox 0 0 1507 5038; baseline 0 0"><span class='ocrx_word' id='word_1_316' title='bbox 0 0 1507 5038; x_wconf 95' lang='lat' dir='ltr'><strong> </strong></span> 
     </span>
    </p>
   </div>
  </div>
 </body>
</html>
