2956 5018
556 491 768 564 Prolegomena
1169 503 1229 564 143

95 693 123 747 et
148 687 246 748 Marci
271 683 407 748 Planti“.
450 687 527 748 Nam
557 688 758 748 coniecturam
786 688 910 748 Mdlleri
942 709 1116 762 „commune
1143 691 1231 752 Lucii

94 787 210 850 Plauti“
243 792 309 849 inre
338 789 520 869 improbavit
541 789 725 851 Ritscbelius
752 812 782 869 p.
807 793 848 850 24
871 811 915 870 sq.
959 790 1109 870 Equidem
1128 792 1230 853 locum

93 894 133 950 sio
164 893 323 970 intelligo:
366 892 509 966 „Plautus
541 897 574 952 et
605 892 742 952 Plautius
776 893 951 952 dissimilem
983 913 1084 954 casum
1116 900 1230 956 rectum

91 995 218 1070 hebent,
256 1015 444 1058 communem
474 996 661 1074 genetivum,
695 999 731 1055 ut
762 995 851 1056 huius
878 995 980 1055 Plauti
1008 993 1041 1072 (i.
1066 1017 1091 1056 c.
1120 1003 1228 1076 poetae,

91 1118 178 1176 quem
201 1119 299 1177 quum
321 1099 449 1160 maxime
470 1095 648 1174 tractemus)
672 1103 703 1158 et
719 1097 816 1159 Marci
832 1097 932 1158 Plauti
956 1095 989 1173 (i.
1014 1119 1039 1158 e.
1056 1100 1099 1158 Μ.
1118 1099 1230 1160 Plautii

90 1199 220 1276 Silvani,
252 1202 305 1280 qni
333 1202 431 1280 legem
456 1201 644 1262 iudiciariam
665 1202 739 1262 tulit
760 1221 839 1262 anuo
861 1197 926 1276 89).
950 1231 993 1242 -
1015 1200 1143 1262 Gravius
1165 1222 1230 1263 cor·

90 1308 197 1380 ruptus
215 1304 297 1364 alter
306 1304 454 1364 Varronis
470 1303 555 1364 locus
573 1308 630 1378 est,
648 1303 713 1378 vn,
741 1306 816 1365 104:
845 1308 948 1378 ,sueta
969 1301 1102 1363 mendice
1119 1303 1228 1364 froude

90 1411 119 1464 et
141 1406 275 1466 liutinni
302 1408 437 1466 susciter
463 1406 593 1466 msooius
620 1407 654 1466 in
684 1408 784 1466 casina
806 1427 825 1465 a
845 1405 1009 1483 fringuilla.
1054 1407 1134 1480 Quid
1155 1407 1230 1466 friu-

89 1507 194 1583 gntis?
227 1509 303 1586 quid
325 1510 403 1568 istuc
423 1513 485 1568 tam
508 1509 616 1587 cupide
637 1506 757 1587 petiel“
792 1508 854 1570 Ubi
876 1507 958 1586 quod
981 1509 1052 1568 olim
1073 1509 1232 1586 legebatur

93 1610 152 1682 ,m
170 1611 286 1671 Accius
307 1613 340 1670 in
357 1608 495 1685 Casiua“,
519 1613 633 1671 maiore
655 1611 722 1670 iure
746 1607 915 1684 ,Maccius“
941 1611 1001 1686 legi
1018 1615 1154 1689 poterat;
1177 1611 1230 1670 sed

88 1733 126 1770 ne
160 1713 225 1774 hoo
257 1712 379 1791 quidem
411 1717 507 1786 recte,
541 1734 611 1772 nam
638 1713 735 1772 Varro
764 1733 883 1792 semper
910 1712 1053 1772 Plautum
1082 1713 1229 1792 appellat3

90 1834 184 1893 quare
208 1817 302 1874 etiam
318 1815 376 1875 boc
392 1815 468 1888 loco,
492 1817 519 1875 ei
540 1821 636 1892 poetas
658 1835 768 1876 nomen
790 1817 935 1893 scriptum
952 1820 1040 1889 esset,
1063 1815 1230 1893 legeremus

92 1917 242 1990 ,Plautus
264 1919 295 1976 iu
317 1915 455 1978 Caeiua“.
491 1917 551 1977 Sed
573 1919 605 1977 in
626 1923 699 1978 nota
720 1918 822 1977 fabula
843 1921 942 1996 poetae
965 1937 1074 1978 nomen
1097 1916 1230 1976 indicare

88 2021 224 2081 Varroni
245 2039 461 2099 supervacuum
488 2021 585 2081 visum
613 2025 669 2080 est.
714 2019 757 2081 Ut
784 2019 874 2098 paulo
903 2025 972 2078 ante
1001 2015 1031 2094 (ᾗ
1056 2016 1131 2094 103)
1159 2025 1231 2098 post
1344 2059 1349 2066 -

88 2122 218 2182 Pacuvii
239 2121 442 2198 fragmentum
462 2122 577 2200 legitur
601 2123 651 2196 ,in
665 2117 854 2195 Aulularia“,
878 2123 920 2181 sio
941 2121 999 2182 hoc
1020 2142 1141 2201 quoqne
1163 2123 1229 2182 loco

91 2225 240 2284 omissum
257 2224 416 2284 eetPlanti
432 2243 549 2298 nomen,
571 2244 638 2284 roo.
661 2226 726 2284 sine
743 2223 835 2284 dubio
859 2229 1036 2302 corruptum
1061 2221 1226 2298 ,maooius“

91 2347 158 2386 cum
182 2325 433 2385 antecedentibus
455 2327 637 2404 iungendum
660 2331 716 2386 est.

177 2428 273 2507 Apud
290 2427 419 2488 Gellium
437 2427 490 2502 111,
516 2430 545 2502 3,
570 2430 588 2488 9
611 2429 676 2488 boeo
696 2429 851 2507 leguntur:
879 2427 939 2502 „M.
961 2434 1062 2488 tumen
1079 2428 1176 2488 Varro
1198 2431 1230 2488 in

91 2531 172 2590 libro
197 2529 234 2589 de
257 2528 408 2590 oomoediis
430 2525 579 2590 Plautinis
602 2531 700 2609 primo
721 2531 806 2589 Accii
828 2531 922 2590 verba
943 2529 1006 2590 haec
1026 2532 1129 2608 ponit:
1152 2531 1229 2590 Nem

91 2653 147 2692 neo
170 2631 291 2692 Gemini
312 2651 368 2692 neo
389 2631 507 2692 Leones
529 2653 584 2694 nec
606 2633 780 2692 Condalium
804 2653 861 2692 neo
877 2633 962 2693 Anus
983 2632 1085 2692 Plauti
1107 2653 1161 2692 uec
1178 2633 1230 2692 Bis
1330 2689 1334 2696 .

93 2753 266 2814 compressa
287 2753 342 2792 nee
363 2734 482 2794 Boeotia
502 2755 635 2814 unquam
656 2735 726 2808 fuit,
749 2755 847 2814 neque
870 2735 945 2795 adeo
967 2735 1111 2812 Agroecm
1131 2755 1230 2813 neque

93 2836 328 2898 Commorientes
345 2832 372 2902 ἦ
390 2839 464 2897 accii
481 2834 562 2897 titi“.
596 2835 740 2896 Extrerm
756 2836 850 2897 verba
866 2837 1052 2915 antiquiores
1070 2839 1114 2896 sio
1130 2856 1230 2896 emen·

93 2923 254 2998 daveraut:
287 2957 402 3018 ,neque
429 2938 677 3012 Commorientes,
707 2937 760 2998 ssd
787 2938 829 2998 M„
852 2935 1004 3017 Aquilii“;
1032 2938 1228 3000 Bitscbelius:

97 3061 214 3120 ,neque
243 3039 477 3101 Commorientes
504 3041 601 3101 Macci
628 3037 721 3114 Titi“,
754 3044 790 3100 nt
820 3039 868 3100 bis
896 3059 1015 3118 quoque
1041 3039 1143 3099 verbis
1170 3060 1230 3100 uon

92 3147 158 3204 veri
186 3148 285 3223 poetae
319 3163 426 3202 nomen
457 3143 623 3215 indicetur,
658 3141 713 3202 sed
743 3147 862 3202 tantum
894 3141 984 3200 modo
1017 3141 1081 3202 haec
1109 3161 1229 3220 quoque

93 3247 203 3306 fabuler
231 3244 332 3305 Plauti
365 3263 429 3304 esse
456 3249 612 3320 negentur.
657 3245 746 3318 Quod
779 3246 914 3323 quamvis
948 3242 1054 3302 duram
1087 3229 1230 3304 orationis

93 3350 221 3408 formam
242 3345 365 3420 reddat,
389 3367 442 3405 uec
463 3347 607 3426 repetitio
637 3347 691 3406 illa
712 3345 845 3406 eiusdem
866 3365 1003 3425 personae
1026 3345 1086 3405 alio
1108 3348 1229 3406 nomine

94 3449 271 3527 significatae
293 3449 475 3508 obscuritate
497 3453 606 3522 careat,
629 3452 731 3508 tamen
752 3455 880 3527 propter
897 3448 1073 3508 facilitatem
1091 3449 1229 3507 emenda·

94 3555 186 3614 tionis
208 3552 348 3630 plerique
370 3552 500 3630 amplexi
518 3555 597 3612 sunt.
630 3551 693 3610 Nos
713 3550 892 3624 dubitamus,
916 3551 970 3610 sed
991 3570 1047 3610 neo
1067 3551 1229 3610 verborum

94 3657 231 3715 ordinem
264 3652 385 3713 obstare
419 3673 585 3727 censemus,
620 3673 689 3712 nam
719 3652 858 3712 similiter
887 3652 1001 3712 Ennius
1033 3653 1150 3712 locutus
1183 3658 1231 3712 est

95 3757 176 3836 apud
198 3755 334 3816 Ciceron.
357 3755 443 3814 Brut.
470 3757 525 3814 lo:
563 3754 640 3828 ,Ore
662 3754 810 3832 Cethegus
839 3754 959 3814 Marcus
987 3755 1139 3815 Tuditano
1169 3756 1229 3814 col-

94 3856 179 3934 lega“
212 3863 244 3916 et
266 3858 320 3934 qui
339 3855 462 3916 Pacuvii
488 3857 677 3935 epitaphium
705 3857 829 3935 scripsit
856 3857 938 3935 apud
959 3855 1034 3916 Gell.
1059 3858 1088 3932 I,
1113 3860 1168 3930 24,
1192 3859 1227 3917 4:

99 3961 174 4034 ,Hic
202 3963 274 4018 sunt
301 3963 398 4035 poeto
424 3958 537 4018 Pacuvi
564 3959 660 4018 Marci
686 3959 746 4019 sita
773 3955 877 4031 Ossa“,
914 3979 969 4018 neo
995 3979 1103 4020 nomen
1129 3962 1229 4038 ipsum

95 4063 207 4136 Macci,
248 4060 330 4140 quod
367 4061 435 4120 aliis
473 4061 655 4138 minimeque
693 4060 870 4139 spernendis
908 4062 1089 4122 testimoniis
1121 4062 1229 4122 Plauto

96 4165 277 4224 uindicatur.

181 4265 299 4326 Horum
327 4267 537 4342 gravissimum
559 4269 620 4338 est,
644 4263 726 4342 qnod
755 4266 786 4324 in
813 4265 1010 4344 palimpsesto
1031 4262 1229 4324 Ambrosiano

97 4375 165 4446 post
191 4368 330 4429 Casinam
358 4368 470 4446 legitur
491 4367 516 4428 T
537 4366 661 4427 MACCI
687 4366 837 4428 PLAUTI
864 4367 1006 4428 clema
1031 4364 1229 4440 EXPLICIT,
