2960 5038
564 499 778 572 Prolegomena.
1178 509 1238 570 221

171 693 263 752 Satis
304 700 426 754 constat
457 717 512 755 nec
544 711 577 756 m
609 697 740 756 litteram
774 699 806 756 in
841 697 924 756 exitu
957 698 1069 774 prioris
1102 697 1241 757 vocabuli

79 795 221 869 positam
258 817 322 858 nee
350 794 372 858 h
402 801 435 856 in
462 800 612 876 principio
639 801 815 877 posterioris
843 800 959 858 hiatum
987 800 1107 872 tollere,
1137 820 1241 860 verum

79 898 233 957 subtilius
260 920 331 958 rem
352 902 475 960 rimanti
497 906 600 960 tamen
621 921 682 960 non
704 901 818 962 nullum
844 903 890 960 his
917 903 1027 960 litteris
1056 907 1238 974 momentum

79 999 298 1062 tribuendum
320 1023 385 1062 esse
408 1003 575 1081 apparebit.
610 1003 655 1062 De
676 1019 709 1062 m
730 1006 832 1064 littera
844 1003 1044 1075 Quintilianus
1060 1005 1114 1079 IX,
1133 1007 1162 1078 4,
1183 1007 1238 1066 40:

83 1103 162 1173 ,Illa
184 1105 322 1180 littera,
346 1109 486 1184 quotiens
509 1107 616 1166 ultima
639 1113 685 1166 est
707 1112 737 1164 et
759 1107 892 1166 vocalem
915 1107 997 1166 verbi
1020 1109 1173 1186 sequentis
1197 1111 1240 1168 ita

81 1208 263 1284 contingit,
296 1211 391 1268 utin
419 1229 483 1268 eam
511 1211 639 1268 transire
667 1213 777 1287 possit,
807 1210 925 1268 etiamsi
953 1211 1110 1286 scribitur,
1141 1217 1241 1271 555555

81 1327 196 1383 parom
223 1313 428 1388 exprimitur,
457 1317 492 1370 ut
518 1311 666 1384 „Multum
689 1309 758 1370 illc“
791 1316 822 1368 et
854 1311 1020 1384 „Quantum
1043 1311 1138 1386 erat“,
1166 1313 1241 1372 adeo

82 1415 117 1468 ut
150 1432 251 1489 paene
289 1413 444 1472 cuiusdam
476 1434 560 1473 nova
593 1415 703 1473 litteras
736 1433 841 1474 sonum
874 1414 999 1489 reddat;
1031 1435 1128 1492 neque
1161 1417 1240 1474 enim

82 1515 261 1589 eximitur,
286 1515 340 1574 sed
362 1515 553 1590 ohscuratur,
583 1523 614 1574 et
641 1521 759 1576 tantum
788 1517 890 1592 aliqua
915 1519 994 1576 inter
1021 1516 1095 1600 duas
1120 1517 1240 1576 vocales

85 1615 174 1674 velut
197 1625 281 1678 nota
303 1623 358 1690 est,
382 1639 420 1677 ne
442 1619 514 1695 ipsa
538 1617 673 1679 coesnt“.
708 1618 795 1692 Quod
813 1619 883 1678 iude
901 1617 977 1678 effici
999 1638 1088 1696 posse
1108 1618 1238 1692 videtur,

86 1717 200 1778 littera
224 1737 263 1780 m
289 1720 493 1779 intercedente
523 1721 639 1781 hiatum
667 1721 783 1780 facilius
811 1721 898 1794 ferri,
928 1722 960 1780 id
988 1725 1110 1780 eatenus
1137 1740 1240 1780 verum

87 1825 149 1892 est,
176 1822 269 1898 quod
291 1827 365 1902 post
387 1843 474 1882 voces
502 1824 535 1881 in
559 1824 692 1882 vocalem
716 1829 858 1882 exeuntes
879 1823 979 1882 hiatus
1000 1827 1065 1881 tum
1088 1822 1149 1880 sere
1172 1840 1240 1880 oon·

88 1922 235 1999 ceditur,
267 1927 293 1984 si
320 1926 433 1984 vocalis
462 1925 554 2000 longa
582 1931 628 1984 est
656 1933 687 1985 et
709 1926 887 2003 corripitur,
910 1927 941 1984 in
964 1925 1048 2000 breui
1069 1925 1181 1998 vocali,
1204 1930 1240 1984 ut

90 2023 124 2081 in
147 2029 307 2087 encliticis
331 2043 380 2101 oe,
402 2045 457 2100 55,
482 2043 555 2104 que,
578 2049 639 2088 non
662 2028 852 2100 conceditur;
881 2026 934 2086 sed
957 2031 982 2086 si
1004 2027 1103 2086 brevis
1126 2027 1240 2103 syllaba

89 2127 123 2184 in
152 2143 189 2188 m
221 2134 301 2204 exit,
329 2133 407 2190 hiari
434 2136 538 2208 potest
564 2151 623 2189 non
652 2131 747 2190 solum
777 2133 808 2189 in
836 2129 1063 2207 monosyllabis,
1092 2135 1137 2188 ut·
1154 2145 1239 2204 nam,

94 2245 178 2305 cum,
205 2234 262 2292 sed
285 2236 378 2293 etism
400 2236 431 2292 in
453 2232 618 2309 bisyllabis,
640 2233 692 2293 vid
715 2233 795 2292 infra
816 2253 845 2311 p.
872 2235 943 2292 224.

186 2335 280 2409 Quod
305 2335 344 2394 sd
365 2331 387 2394 b
408 2338 527 2409 attinet,
551 2335 677 2411 Lingius
701 2333 751 2410 (de
772 2336 857 2395 hiatu
880 2355 910 2413 p.
936 2337 973 2394 53
998 2331 1076 2413 sqq.)
1102 2334 1240 2394 censebat

96 2435 128 2492 in
157 2457 230 2498 voc.
260 2459 290 2516 q.
321 2459 347 2496 e.
376 2433 467 2498 horno
499 2439 576 2498 hanc
608 2438 739 2498 litteram
771 2439 816 2497 ita
844 2439 1069 2515 pronuntiatam
1099 2457 1163 2496 esse
1190 2437 1240 2496 vel

96 2542 299 2612 pronuntiari
321 2542 465 2618 potuisse,
487 2545 523 2599 ut
543 2541 658 2600 hiatum
681 2541 809 2600 tolleret.
845 2540 931 2612 Quod
953 2559 990 2598 55
1014 2540 1080 2617 quis
1102 2541 1237 2614 miretur,

99 2641 323 2702 animadvertit
341 2643 435 2703 Italos
457 2647 631 2702 nostrorum
653 2649 837 2720 temporum,
861 2663 953 2718 quum
975 2644 1007 2701 in
1030 2644 1137 2702 ceteris
1159 2645 1239 2702 voci·

99 2740 157 2802 bus
194 2748 411 2823 aspirationem
444 2745 600 2818 abiiciant,
629 2746 662 2804 in
689 2746 745 2804 hac
773 2765 833 2804 una
859 2751 976 2804 mutare
1004 2746 1035 2803 in
1062 2761 1084 2804 u
1113 2742 1238 2819 (uomo).

101 2843 145 2903 Ut
167 2855 206 2906 ut
227 2855 284 2922 est,
309 2869 375 2907 cum
396 2848 482 2906 hiatu
503 2847 583 2925 apud
599 2847 741 2906 Plautum
764 2846 875 2922 legitur
902 2846 1067 2922 „flagitium
1088 2845 1235 2906 hominis“

102 2947 189 3009 Asin.
215 2953 287 3010 470.
312 2950 471 3010 (155529.
494 2951 574 3008 Men.
598 2951 670 3008 478.
696 2951 767 3022 695,
795 2951 883 3036 „quoi
904 2947 1034 3008 bomini“
1061 2950 1145 3009 Curc.
1167 2951 1237 3008 556.
1290 3019 1296 3036 ·

104 3047 196 3111 Most.
222 3054 294 3111 932.
318 3053 395 3112 Rud.
423 3053 520 3125 1194,
555 3052 679 3128 „pedem
702 3049 833 3110 bomini“
859 3053 910 3108 Aa.
936 3052 1011 3124 768,
1044 3053 1158 3124 „simile
1186 3052 1239 3111 ho-

103 3153 233 3214 minem“
259 3155 329 3213 Aul.
356 3156 431 3227 111,
466 3175 548 3226 „ease
577 3151 744 3212 hominem“
778 3153 850 3212 ibid.
875 3154 952 3230 2213
978 3153 1038 3212 alia
1059 3174 1087 3212 v.
1111 3175 1140 3231 p.
1166 3156 1238 3213 220.

105 3253 256 3333 Bergkius
279 3257 399 3333 quidem
416 3259 448 3315 in
460 3239 572 3315 'Philet
584 3255 678 3329 XVII,
698 3275 727 3332 p.
743 3257 781 3314 54
800 3276 843 3333 sq.
867 3257 899 3313 in
923 3256 1069 3314 eiusmodi
1091 3256 1164 3315 locis
1186 3251 1238 3314 leo·
1283 3295 1289 3307 ·

105 3371 238 3433 moneta,
257 3355 401 3418 homenis
418 3364 474 3417 etc.
493 3359 582 3418 scribi
599 3359 712 3431 voluit·
722 3358 975 3434 assentientesque
991 3359 1099 3418 habuit
1115 3363 1146 3417 et
1164 3359 1239 3418 alios

106 3466 136 3519 55
148 3463 349 3534 Corssenium,
362 3461 513 3530 Kritische
525 3459 664 3536 Beitrtga
676 3481 730 3520 zur
741 3461 842 3519 latein.
856 3459 1067 3520 Formenlehre
1079 3481 1108 3538 p.
1119 3463 1178 3521 241
1193 3447 1237 3539 sd.

107 3561 164 3623 Sed
192 3565 282 3623 huius
309 3565 412 3623 torma
440 3583 531 3622 unum
559 3563 683 3624 51155555
712 3565 881 3642 exemplum
903 3562 993 3623 Ennii
1016 3584 1053 3622 ex
1074 3563 1240 3622 Annalibus

107 3683 134 3725 v.
161 3668 219 3727 141
246 3663 351 3741 (Prisc.
369 3665 419 3740 VI,
442 3667 478 3725 15
502 3686 531 3743 p.
553 3667 669 3726 20611.
693 3667 805 3727 Charis.
824 3667 847 3740 I,
871 3687 901 3743 p.
924 3668 982 3724 147
995 3666 1032 3724 K.
1057 3665 1136 3726 Fest.
1155 3665 1238 3744 Epit.

108 3787 135 3844 p.
152 3765 238 3843 100).
272 3768 365 3847 Apud
380 3767 520 3828 Plautum
537 3768 619 3828 Pers.
636 3771 696 3827 777
718 3768 782 3826 cod.
800 3767 826 3826 B
852 3765 1060 3843 „homonnm“,
1085 3768 1107 3828 0
1128 3769 1239 3842 „homi-

109 3868 208 3943 uum“,
233 3870 313 3948 qood
329 3891 434 3930 versus
450 3869 584 3945 flagitat3
606 3869 713 3929 Pseud.
734 3872 795 3930 734
814 3890 898 3929 error
915 3873 974 3932 iam
992 3872 1024 3930 in
1042 3873 1109 3949 ipso
1127 3871 1152 3930 B
1175 3893 1239 3932 cor-

109 3979 209 4032 rectus
221 3977 267 4031 555
280 3970 527 4047 („homoinem“).
553 3972 625 4045 Quis
642 3974 735 4050 igitur
752 3974 833 4046 sciat,
853 3994 891 4032 an
903 3973 1017 4032 Ennius
1028 3975 1103 4033 hano
1114 3974 1240 4035 formam

110 4078 209 4153 potius
232 4075 270 4132 de
291 4095 346 4133 suo
368 4073 488 4134 finxerit
510 4072 558 4149 (ut
580 4072 687 4149 multa)
711 4096 800 4153 quam
823 4095 861 4134 ex
882 4096 953 4134 vero
974 4077 1079 4155 populi
1103 4097 1239 4137 sermone

110 4177 251 4237 hauserit.
296 4177 372 4235 Mihi
401 4177 522 4255 quidem
549 4176 734 4253 probabilior
762 4178 883 4236 videtur
910 4179 1012 4253 Lingii
1046 4179 1133 4238 ratio.
1178 4180 1240 4239 Nec

113 4283 186 4338 enim
208 4278 297 4337 valde
319 4278 473 4338 dissimilis
496 4285 542 4338 est
564 4279 662 4338 hiatus
684 4281 715 4338 in
741 4279 935 4353 „mehercule,
958 4280 1040 4354 mihi,
1065 4280 1235 4357 prehendo“

113 4382 147 4440 51.
192 4381 272 4454 Quin
293 4383 319 4440 si
340 4381 490 4440 Plautinis
512 4380 664 4442 codicibus
685 4380 774 4455 fidas,
798 4383 889 4440 etiam
910 4387 979 4440 ante
1004 4380 1137 4454 „habeo“
1162 4384 1240 4442 hiari
