2968 5030
578 491 611 546 V·
630 491 775 548 600-640·
1179 497 1242 559 400
1265 505 1269 514 ’

108 707 174 747 esse
206 687 266 748 boc
299 688 397 747 facere
425 686 625 748 effeminatum
653 705 787 761 serrum,
815 687 863 746 cui
890 688 948 765 ipsi
975 691 1036 746 tem
1064 685 1184 746 solitum
1213 691 1244 747 et

107 811 203 870 prope
226 791 425 850 necessarium
447 793 487 850 sit
508 790 662 850 verberari
686 809 775 867 qnam
798 789 896 849 cibum
920 807 1034 868 capere.
1052 819 1096 830 -·-
1118 785 1242 850 calami·

107 894 220 968 strate,
237 897 258 954 i.
277 915 304 953 e.
323 896 406 954 cuins
423 913 507 952 coms
523 893 694 953 calamistro
713 894 844 970 crispata
861 896 915 950 est.
933 921 976 934 -
994 891 1066 952 621.
1083 892 1157 952 Post
1175 887 1243 952 cibo

106 997 211 1056 hiatus
222 999 254 1056 in
266 1015 386 1056 ccesuro.
397 1027 439 1038 —
452 997 522 1058 623.
535 994 609 1054 Post
620 991 676 1072 qui
686 995 803 1068 biatnr3
815 1015 876 1054 nou
888 1013 962 1072 opus
975 1000 1021 1054 est
1032 1015 1086 1054 nec
1097 1000 1132 1054 ut
1143 999 1242 1054 trans·

107 1105 241 1177 ponetur
266 1098 381 1172 ,Hodie
405 1095 488 1176 qni“,
510 1117 565 1157 nec
581 1102 615 1156 ut
632 1117 697 1158 cnm
708 1097 839 1158 Mttllero
865 1117 977 1175 „usqne
1000 1095 1056 1157 ad“
1082 1097 1242 1157 scribatur.

106 1197 156 1242 -’
170 1197 266 1262 bodie
287 1215 473 1279 numquam,
496 1221 525 1260 v.
548 1199 587 1260 cd
609 1200 718 1279 Amph.
741 1202 811 1260 394.
835 1231 878 1242 -
902 1203 978 1274 624.
996 1204 1059 1261 Ant
1080 1205 1149 1278 post
1171 1215 1242 1260 cmo

106 1305 212 1363 hiatur
244 1309 364 1364 retenta
397 1307 487 1362 etiem
515 1303 703 1381 longitudine
731 1303 856 1377 vocalis,
891 1309 943 1362 ant
975 1303 1091 1380 aliquid
1123 1301 1242 1361 excidit.

105 1405 255 1466 Fleckeis.
282 1413 331 1479 ,et
354 1402 484 1480 [itidem]
512 1405 586 1465 haec
612 1403 677 1464 me“
703 1405 765 1479 ed,
794 1412 900 1482 postea
927 1405 1065 1483 protulit
1100 1411 1150 1478 ,et
1169 1404 1243 1464 haec

105 1528 152 1566 me
177 1505 310 1582 [contre]
334 1506 445 1581 amat“‚
470 1508 538 1568 coll.
557 1508 623 1568 Mil.
644 1509 713 1569 101.
738 1537 778 1548 -
800 1507 873 1568 Mox
894 1524 1053 1585 nusquam
1074 1529 1131 1587 pro
1153 1523 1242 1568 ortm-

106 1626 202 1688 quam
235 1611 307 1670 olim
340 1611 541 1670 emendatum.
587 1610 724 1670 Ceterum
752 1609 864 1673 Mttllar
891 1611 1031 1670 damnato
1064 1612 1121 1670 boc
1154 1629 1243 1670 versu

104 1713 274 1772 scribebat:
319 1713 412 1787 „Quia
443 1713 514 1774 binc
546 1731 593 1772 me
627 1710 793 1772 amentem“
831 1719 903 1786 eto,
938 1715 980 1774 sic
1010 1713 1127 1772 demum
1162 1719 1243 1772 recte

105 1814 285 1894 responderi
315 1816 488 1875 arbitratus.
534 1814 593 1874 Sed
625 1815 757 1892 vulgaris
791 1815 944 1876 hominum
978 1835 1075 1875 sermo
1107 1835 1167 1875 non
1199 1817 1243 1876 its

106 1919 274 1976 sententias
302 1920 396 1976 nectit
423 1923 454 1977 et
481 1917 707 1996 comprehendit
728 1924 763 1976 ut
786 1918 940 1978 rhetorum
963 1917 1122 2004 disciplina
1143 1917 1242 1976 excul·
1361 1979 1363 1982 ,

105 2028 170 2094 tus,
195 2039 255 2097 quo
277 2021 320 2080 sio
341 2019 456 2080 dictum
479 2025 572 2080 esset:
604 2020 693 2092 Quia,
718 2039 810 2098 quum
832 2039 887 2099 ego
909 2021 984 2080 banc
1006 2041 1103 2080 amem
1126 2027 1156 2078 et
1178 2021 1242 2079 haec

104 2144 167 2198 me,
192 2142 254 2182 non
277 2129 331 2195 est,
355 2122 436 2200 quod
459 2122 536 2182 dem.
559 2153 602 2162 -
625 2123 696 2182 625.
720 2119 794 2183 med
814 2129 898 2182 extat
919 2125 950 2181 in
972 2122 1012 2195 B;
1035 2122 1050 2181 l
1073 2124 1239 2198 ceterique:

109 2246 175 2299 ,me
202 2223 414 2298 clamanteffl,
449 2224 529 2301 quod
563 2245 599 2284 ex
632 2224 684 2284 illo
717 2232 815 2284 ortum
846 2231 900 2284 est.
929 2255 972 2266 -
993 2219 1115 2302 ,deleqit
1143 2224 1240 2298 codd,

104 2328 189 2405 quod
212 2347 313 2388 errore
336 2327 466 2406 quodam
477 2327 578 2398 ‚Nonii
600 2348 630 2406 p.
650 2331 711 2387 290
735 2328 858 2386 fuerunt
882 2330 933 2406 qui
956 2329 1160 2386 defenderent.
1194 2327 1239 2385 Fl.

105 2451 141 2490 ex
172 2431 299 2508 entique
326 2431 534 2490 emendatione
564 2427 706 2504 „eiecit“;
735 2430 788 2488 sed
811 2433 948 2508 quamvis
971 2430 1128 2490 antecedat
1154 2429 1240 2503 ,ex“,

105 2535 208 2592 nescio
232 2553 271 2592 au
294 2528 404 2593 deiecit
424 2533 497 2592 ferri
519 2535 624 2610 possit.
647 2563 692 2574 -
715 2534 786 2592 626.
809 2534 917 2592 Hiatus
939 2539 1009 2611 post
1031 2549 1079 2592 me
1101 2535 1151 2591 vix
1171 2552 1241 2610 pro·

105 2635 234 2708 bobilie3
266 2632 369 2707 ,med“
400 2637 458 2713 legi
485 2636 589 2712 poscit.
634 2634 680 2694 Fl.
704 2641 836 2712 transpz
863 2636 920 2710 ,ad
941 2641 1067 2694 mortem
1095 2633 1174 2694 me“.
1198 2665 1242 2676 —-

108 2740 181 2798 627.
205 2732 368 2798 Diabolus
384 2738 511 2797 alteram
529 2737 682 2814 dipodiem
702 2739 858 2812 terminat;
881 2744 950 2798 ante
969 2739 1107 2798 diaeresiu
1123 2737 1242 2817 pyrrhi·

106 2842 193 2900 chius
216 2859 272 2919 pro
295 2841 405 2913 iambo,
429 2839 465 2900 cf.
486 2843 617 2900 581-
635 2835 769 2900 daturus
790 2861 848 2919 pro
875 2861 924 2914 „se
944 2838 1115 2914 daturum“,
1140 2839 1244 2922 {iresca

106 2949 269 3016 structura,
293 2943 329 3004 cf.
348 2942 445 3002 Oetnl.
464 2944 493 3015 4,
513 2945 546 3001 2:
575 2945 636 3016 „ait
659 2944 749 3002 fuisse
771 2945 892 3002 navium
915 2941 1118 3002 celerrimus“.
1152 2942 1242 3020 Vorg.

106 3046 179 3106 AEn.
203 3045 242 3120 Π,
267 3047 343 3128 377ε
378 3047 489 3118 „sensit
510 3046 623 3106 medios
647 3045 788 3124 delapsus
810 3048 842 3105 in
864 3044 994 3105 bostee“.
1039 3045 1113 3104 Hor.
1136 3044 1193 3123 Ep.
1217 3045 1241 3117 l,

108 3152 136 3223 7,
152 3151 209 3208 22:
230 3147 346 3226 „dignis
364 3149 481 3207 aitesse
492 3147 648 3225 porotue“.
668 3149 705 3208 al.
717 3179 761 3189 -
773 3151 844 3208 631.
865 3142 958 3208 Bono
977 3144 1083 3208 animo
1101 3163 1145 3222 ee,
1163 3167 1240 3219 nem,

106 3255 132 3312 si
144 3272 207 3312 non
219 3251 311 3324 dedit,
329 3271 389 3310 non
407 3257 453 3310 est
466 3251 547 3328 quod
558 3251 673 3310 timess.
686 3281 729 3294 -
742 3253 813 3310 632.
833 3244 870 3310 Si
886 3247 965 3328 quid
979 3247 1039 3325 rtis,
1057 3271 1098 3310 sc.
1116 3255 1243 3328 paratus

106 3375 183 3415 sum.
192 3358 236 3394 -“-
248 3355 321 3414 633.
332 3355 530 3431 Argyrippus,
544 3354 625 3430 quod
637 3356 716 3414 servi
728 3354 846 3412 collatis
859 3354 1009 3431 capitibus
1021 3353 1241 3429 colloquuntur,

106 3459 278 3536 suspicione
307 3457 409 3532 eliqua
438 3463 603 3516 commotus
630 3457 705 3516 dicit
732 3477 783 3516 eos
806 3451 914 3516 eadem
936 3469 1029 3531 opera
1053 3451 1126 3528 (vid.
1150 3473 1242 3531 supro

107 3561 145 3620 ed
168 3581 197 3619 v.
223 3556 277 3634 98)
307 3560 386 3619 inter
413 3579 445 3617 se
473 3559 628 3636 complecti
649 3579 752 3635 posse,
776 3558 867 3636 idque
890 3560 1010 3617 svavius
1032 3558 1176 3616 futurum.
1200 3585 1243 3596 -

108 3666 180 3723 634.
205 3677 301 3739 aeque
323 3683 379 3722 eru.
403 3662 450 3721 ed.
473 3682 519 3739 pr.
542 3691 585 3702 -
608 3663 680 3720 636.
704 3661 739 3719 In
761 3661 826 3720 cod.
851 3661 920 3720 huic
948 3664 1047 3719 versui
1076 3659 1242 3738 praefigitnr

106 3765 241 3838 ADOL„
271 3771 341 3824 ente
372 3763 508 3838 ,Meum“
542 3769 639 3824 eutem
663 3763 794 3838 LEON,
819 3771 978 3840 utrumque
1000 3781 1108 3840 prove3
1132 3762 1241 3823 Liboni

108 3871 208 3929 oratio
237 3871 439 3928 continuetur.
486 3862 573 3927 Haec
594 3866 772 3926 Philaenium
801 3873 862 3939 est,
893 3887 947 3925 nec
975 3866 1099 3944 probari
1132 3871 1240 3943 potest,

108 3971 188 4050 quod
205 3971 311 4030 Lemb.
335 3971 424 4029 Both.
446 3970 492 4030 Fl.
516 3969 735 4030 substituerunt
761 3969 856 4042 „bic“.
879 3999 923 4010 ·-
946 3970 1017 4028 637.
1041 3970 1121 4027 Ante
1143 3963 1241 4042 facia·

107 4091 179 4136 mus
208 4073 331 4134 auditur
358 4073 407 4148 ut,
435 4073 494 4132 vid.
525 4072 562 4130 ad
585 4071 693 4148 Amph.
721 4073 768 4130 12.
792 4103 835 4114 -
858 4074 929 4132 639.
958 4065 1123 4132 Concedite
1150 4067 1241 4147 istuc,

107 4176 239 4236 secedite
262 4175 359 4250 modo,
383 4181 417 4235 ut
439 4175 565 4235 consilia
586 4174 760 4234 conferatis,
797 4174 905 4253 Sperat
928 4194 977 4232 eos
999 4174 1115 4251 aliquid
1137 4177 1240 4234 inven-

106 4286 199 4353 turos,
219 4279 300 4356 quod
318 4278 375 4339 sibi
391 4281 495 4356 prosit.
507 4307 551 4318 -
564 4271 710 4355 Dipnetst
726 4277 812 4337 codd.
829 4283 941 4355 prater
951 4277 986 4336 B.
1003 4307 1046 4316 --
1065 4279 1136 4337 640.
1154 4276 1241 4349 Quod

107 4383 153 4442 Fl.
181 4381 248 4456 „te“
274 4401 330 4460 pro
354 4397 403 4442 me
424 4381 535 4454 edidit,
560 4381 656 4439 errori
678 4381 897 4458 typographico
921 4380 1024 4438 deberi
1046 4379 1175 4438 videtur.
1197 4403 1241 4420 -2
