2992 5054
103 515 126 582 1,
140 517 165 580 1,
175 517 314 570 242-409
398 555 403 566 .
583 515 760 584 Amphitruo.

561 705 786 772 Mercurius

103 815 156 880 Tu
178 835 230 878 me
252 815 347 880 uiuos
369 814 467 880 hodie
489 836 666 899 numquam
689 815 800 894 faties,
825 813 904 900 quiri
927 815 988 880 sim
1012 814 1115 881 Sosia.

615 945 729 1012 Sosia

104 1053 204 1119 Certe
224 1054 340 1138 edepol
355 1061 392 1119 tu
409 1048 462 1120 ine
481 1053 640 1120 alienabis
658 1076 843 1140 numquam,
858 1055 936 1138 quin
948 1061 1061 1119 noster
1072 1055 1167 1135 siem;
1186 1063 1237 1117 395

102 1161 176 1228 Nea
197 1163 293 1228 nobis
316 1170 447 1246 praeter
471 1186 521 1228 me
545 1163 751 1249 quisquamst
774 1163 858 1227 alins
881 1183 995 1228 seruos
1019 1163 1123 1242 Sosia,

105 1271 169 1350 Qui
193 1293 267 1336 oum
289 1273 527 1356 Amphitruone
549 1273 625 1336 hine
646 1295 712 1338 una
734 1273 837 1337 ieram
860 1273 894 1336 in
918 1273 1106 1337 exereitum.

560 1405 785 1469 Mercurius

104 1511 170 1575 Hie
192 1510 290 1576 homo
313 1533 411 1576 sanus
434 1534 498 1577 non
522 1519 582 1577 est.

613 1643 730 1708 Sosia

566 1753 661 1830 Quod
672 1752 752 1817 mihi
762 1753 935 1836 praedicas
946 1753 1073 1830 uitium,
1086 1751 1119 1816 id
1131 1751 1235 1816 tibist.

104 1859 201 1938 Quid,
226 1858 358 1938 malum,
382 1882 447 1924 non
461 1883 543 1948 ¹snm
565 1881 624 1944 ego
648 1883 762 1926 seruos
785 1860 1030 1946 Amphitruonis
1055 1860 1171 1928 Sosia?

103 1967 221 2032 Nonne
244 1967 306 2032 hae
328 1965 428 2034 nootu
450 1975 565 2036 nostra
587 1970 681 2035 nauis
703 1970 764 2034 huo
786 1992 825 2036 ex
848 1978 946 2054 portu
968 1969 1099 2036 Persico
1184 1977 1236 2030 400

102 2077 213 2156 Uenit,
237 2097 321 2160 quae
345 2097 396 2141 me
420 2077 577 2142 aduenit?
599 2099 707 2144 nonne
730 2101 781 2144 me
804 2077 868 2143 huo
891 2100 967 2144 erus
989 2079 1079 2143 misit
1100 2078 1213 2142 meus?

102 2186 220 2252 Nonne
244 2205 304 2268 ego
328 2207 413 2250 nune
436 2192 487 2251 sto
509 2193 588 2263 ante
608 2186 699 2252 aedis
716 2187 869 2252 nostras?
892 2209 958 2252 non
975 2187 1089 2252 mihist
1105 2185 1236 2252 laterna

824 2296 858 2360 in
881 2296 1001 2360 manu?

102 2402 178 2469 Non
201 2402 343 2487 loquor?
370 2425 436 2468 non
457 2403 582 2485 aigilo?
611 2424 718 2468 nonne
741 2403 794 2469 hio
816 2403 913 2469 modo
943 2424 995 2468 me
1018 2403 1136 2487 pugnis
1159 2422 1236 2467 eon·

825 2511 936 2578 tuditi
983 2513 991 2530 “

103 2623 199 2688 Fecit
220 2619 347 2702 herole;
370 2642 446 2686 nam
469 2621 515 2684 mi
536 2621 656 2686 misero
680 2622 780 2686 etiam
802 2641 890 2686 nuno
911 2619 1018 2685 malae
1041 2619 1163 2684 dolent.

103 2729 190 2810 Quid
213 2731 314 2812 igitur
336 2750 396 2811 ego
420 2727 558 2795 dubito?
587 2734 646 2794 aut
674 2749 732 2794 our
758 2751 823 2794 non
851 2731 939 2794 intro
969 2751 1007 2794 eo
1030 2729 1064 2793 in
1085 2734 1234 2794 nostram

824 2837 979 2904 domum?
1183 2837 1235 2889 405

558 2945 783 3042 Mercurius

102 3055 201 3136 Quid,
226 3056 357 3121 domum
379 3057 550 3122 uestram?

613 3179 729 3246 Sosia

559 3289 611 3354 Ita
633 3290 810 3354 enimuero.

558 3420 785 3486 Mercurius
862 3440 864 3444 ’

808 3527 893 3606 Quin
905 3548 990 3613 quae
1003 3527 1114 3593 dixisti
1125 3527 1232 3608 modo,

104 3640 223 3706 Omnia
244 3638 462 3720 ementitus'33
486 3637 638 3722 equidem
661 3637 755 3704 Sosia
777 3635 1023 3720 Amphitruonis
1048 3657 1127 3700 eum.

103 3749 188 3813 Nam
210 3754 312 3813 noetn
334 3747 395 3812 hao
418 3746 557 3812 solutast
579 3747 673 3812 nauis
694 3753 810 3812 nostra
832 3766 850 3810 e
873 3751 971 3828 portu
993 3743 1135 3824 Persico,

102 3857 155 3935 Et,
180 3856 237 3942 ubi
259 3855 391 3921 Pterela
413 3877 471 3920 rex
494 3856 654 3937 regnauit,
678 3854 834 3938 oppidum
856 3853 1122 3936 expugnauimua

103 3966 147 4031 Et
169 3965 315 4047 legiones
337 3964 554 4030 Teloboarum
575 3965 610 4030 ui
631 3962 807 4047 pugnando
831 3963 984 4044 cepimus,
1183 3963 1234 4014 410

103 4075 146 4140 Et
168 4075 260 4159 ipsus
276 4073 473 4158 Amphitruo
496 4073 706 4156 optrunoauit
728 4091 840 4153 regem
851 4069 1019 4136 Pterelam
1040 4071 1074 4134 in
1097 4071 1233 4154 proelio.

171 4329 225 4381 400
240 4327 296 4381 huo
314 4341 365 4382 om.
418 4329 470 4382 400
487 4343 562 4382 nuno
580 4328 636 4381 isto
686 4329 738 4381 400
755 4327 801 4382 hio
818 4326 903 4381 homo
921 4325 1007 4380 modo
1055 4329 1108 4382 404
1124 4327 1163 4379 mi
1182 4343 1231 4382 om.

103 4416 153 4467 407
172 4413 322 4466 ementitus
341 4413 470 4480 equidem
522 4414 574 4466 410
591 4413 764 4466 teleboarum
782 4429 809 4466 vr
827 4412 980 4481 pugnando
998 4413 1141 4481 oospimus
