2956 5018
588 493 798 564 Prolegomena
1158 484 1163 494 ’
1198 507 1258 566 173

118 683 176 754 rip
203 663 320 775 quitari,
346 689 382 744 τὰ
409 687 435 744 d’
463 687 597 760 ᾄδεσθαι,
625 692 784 768 Ἀρχίλοχόν
812 713 882 764 φησι
911 693 1080 762 καταδεῖξαι,
1107 689 1165 752 εἶθ’
1189 697 1258 754 οὕτω

117 789 292 863 χρήσασθαι
316 792 379 856 τοὺς
406 794 548 870 τραγικοὺς
572 795 690 864 ποιητός.
734 792 794 852 Sed
821 793 860 852 ad
888 794 1050 872 lragoedias
1079 796 1137 856 hoc
1164 799 1258 873 perti·

116 897 219 966 neat,
248 893 413 952 Trinummi
450 895 571 972 quidem
610 915 700 956 scena
732 897 779 954 cui
812 895 835 955 C
868 899 1102 975 superscriptum
1135 905 1182 960 cst
1216 897 1256 975 (v.

119 994 215 1054 1093
237 993 315 1073 sqq.)
337 1017 356 1056 a
378 999 484 1056 ceteris
507 997 651 1058 diverbiis
673 998 748 1056 nihil
770 999 893 1058 omnino
915 998 1023 1060 differt.
1096 1047 1101 1056 .

215 1097 308 1158 Notus
331 1103 377 1157 est
394 1099 512 1159 Horatii
534 1121 638 1160 vemas
662 1097 741 1176 (Art.
765 1106 845 1178 poet.
872 1097 957 1176 155),
977 1123 1036 1180 quo
1058 1125 1125 1162 enm
1147 1105 1256 1164 fabulae

114 1198 218 1259 finem
239 1221 301 1262 ease
323 1203 480 1280 significat,
503 1205 555 1264 ubi
581 1208 705 1278 ,cantor
730 1203 808 1277 ,Vos
830 1203 982 1281 plaudite“
1009 1205 1120 1266 dicet“.
1164 1207 1257 1266 Dubi-

114 1307 223 1362 tatum
240 1310 310 1379 est,
340 1311 441 1365 utrum
468 1306 516 1366 hic
544 1313 675 1367 cantor
702 1311 737 1365 ut
763 1307 828 1380 ille,
860 1327 920 1384 quo
943 1307 1046 1368 Livius
1066 1309 1257 1370 Andronicus

113 1423 200 1464 usus
221 1411 275 1480 cst,
298 1406 337 1466 ab
359 1409 506 1468 histrione
528 1409 662 1470 diversus
688 1409 789 1483 fuerit,
813 1429 851 1468 an
873 1411 938 1486 ipse
959 1411 1067 1470 histrio
1089 1415 1132 1473 sic
1155 1415 1256 1492 appel·

113 1508 215 1568 letur.
259 1511 299 1569 Et
320 1511 472 1571 interdum
494 1513 615 1590 quidem
637 1533 695 1572 vox
721 1510 894 1586 ,Plaudite“
921 1533 986 1572 cum
1009 1515 1257 1576 antecedentibus

112 1615 188 1670 tam
210 1619 274 1672 arte
296 1614 441 1688 cohaeret,
464 1621 499 1675 ut
520 1615 589 1674 inde
612 1613 714 1674 divelli
736 1635 797 1674 non
818 1615 971 1690 possitae
999 1619 1191 1678 manifestum
1216 1621 1257 1678 sit

114 1713 160 1772 ab
187 1715 289 1775 eedem
311 1736 440 1793 persona
462 1720 686 1795 pronuntiatam
710 1737 782 1792 esse,
807 1737 873 1795 quae
897 1723 1029 1778 extrema
1046 1719 1155 1780 fabulae
1176 1727 1254 1798 agat,

113 1822 156 1874 ut
181 1819 212 1877 in
235 1819 399 1894 Pseudolo,
423 1821 455 1880 iu
476 1821 660 1894 Mercatore,
690 1841 725 1880 ao
752 1822 810 1880 nisi
838 1822 928 1881 fallor
956 1823 988 1881 in
1015 1823 1196 1883 Truculento
1225 1829 1256 1882 et

114 1918 243 1994 Sticho;
265 1922 318 1980 sed
341 1926 449 1999 sapius
471 1925 559 1982 alteri
580 1924 742 1984 tribuenda
764 1924 894 1984 videtur.
939 1924 1063 1984 Plautus
1091 1927 1171 1984 enim
1195 1945 1255 1986 non

115 2042 193 2083 raro
218 2044 283 2084 eum
304 2025 412 2084 fabulae
435 2028 548 2086 exitum
570 2027 655 2098 fecit,
684 2031 719 2084 nt
744 2027 883 2104 pluribus
910 2027 1046 2087 versibus
1071 2033 1255 2107 spectatores

115 2126 298 2204 alloquatur
318 2130 415 2207 iisque
437 2129 569 2188 fabulam
592 2129 787 2188 commendet.
821 2129 975 2189 Eiusmodi
993 2130 1128 2190 versibus
1151 2151 1255 2209 super-

116 2229 265 2290 scribitur
286 2232 319 2290 in
334 2230 474 2290 Asinaria
494 2229 622 2305 ,Grex“,
642 2233 673 2291 in
692 2231 824 2310 Captivis
841 2237 872 2291 et
888 2233 1058 2302 Cistellaria
1076 2231 1253 2306 ,Caterva“,

116 2331 151 2388 in
175 2331 304 2409 Epidico
329 2332 477 2407 ,Poeta“;
507 2335 538 2393 in
567 2335 764 2395 Bacchidibus
792 2336 898 2395 titulus
925 2337 1050 2394 interiit.
1095 2336 1253 2396 Terentius

117 2435 187 2495 sola
220 2456 293 2496 voce
324 2435 498 2511 ,Plaudite“
530 2443 714 2514 spectatores
748 2439 922 2516 alloquitur.
967 2437 1004 2496 Ei
1038 2440 1070 2498 in
1103 2439 1253 2498 codicibus

117 2541 319 2616 anteponitur
340 2562 376 2614 n,
399 2542 419 2598 i.
444 2561 469 2599 e.
494 2545 626 2600 extrema
647 2561 789 2618 persona,
814 2561 902 2620 quem
930 2547 1081 2600 cantorem
1102 2542 1193 2602 fuisse
1215 2543 1253 2602 ab

117 2641 320 2702 histrionibus
353 2641 503 2702 diversum
535 2644 626 2721 vulgo
659 2648 806 2703 statuunt.
851 2643 983 2704 Plautini
1017 2643 1101 2704 codd.
1131 2644 1163 2704 in
1190 2645 1255 2704 sole

117 2744 297 2806 Trinummo
330 2747 406 2806 hauc
437 2751 539 2806 notam
571 2752 744 2820 servarunt3
778 2748 808 2805 in
841 2749 963 2819 ceteris,
994 2767 1122 2825 quarum
1149 2747 1254 2806 similis

118 2851 199 2908 ratio
234 2855 294 2922 est,
324 2850 516 2924 Curculione,
544 2850 656 2922 Milite,
685 2849 826 2922 Poenulo,
855 2849 1007 2922 Rudente,
1042 2849 1166 2923 excidit,
1200 2869 1254 2908 nec

118 2955 220 3012 minus
250 2953 394 3012 excidisse
416 2953 550 3027 videtur,
573 2953 625 3012 ubi
647 2954 765 3030 integro
793 2971 883 3012 versu
910 2957 1095 3030 spectatores
1123 2953 1253 3030 compel-

119 3053 240 3129 lantur,
264 3059 296 3115 in
318 3056 549 3133 Amphitruone,
573 3055 777 3129 Mostellaria,
806 3055 1014 3128 Menachmis,
1044 3055 1144 3114 Perse.
1189 3055 1253 3114 Nos

119 3164 224 3218 notam
246 3161 402 3236 posuimus
424 3157 513 3218 finem
536 3159 645 3218 iabnlae
669 3158 860 3232 indicantem,
884 3157 979 3218 libero
1002 3157 1106 3216 relicto
1128 3157 1253 3234 legenti·

120 3259 190 3334 bus,
214 3265 316 3320 utrum
338 3261 512 3321 histrionem
536 3281 574 3320 an
597 3266 749 3321 cantorem
777 3261 814 3320 cb
837 3259 983 3318 histrione
1014 3259 1161 3318 diversum
1190 3259 1253 3318 hsec

121 3369 259 3424 cantasse
281 3365 386 3423 velint.

207 3465 334 3526 Cantica
355 3471 455 3526 eutem
477 3466 557 3546 apud
579 3467 729 3526 Romanru
757 3467 913 3544 aliquanto
934 3465 1002 3543 plns
1024 3466 1085 3525 loci
1106 3469 1254 3541 occupant
1333 3459 1342 3476 '

122 3588 211 3645 quam
244 3570 277 3627 in
313 3567 486 3631 urceorum
519 3570 665 3630 comoedia
696 3571 871 3628 recentiore.
927 3569 1003 3628 Nam
1030 3567 1190 3626 Menandri
1223 3571 1254 3626 et

121 3672 280 3748 aequalium
309 3672 417 3732 fabula
443 3674 601 3732 maximam
627 3678 747 3751 partem
775 3673 920 3732 himetr'is
950 3671 1123 3746 composite
1157 3673 1252 3743 erant,

121 3775 201 3851 apud
229 3773 370 3834 Plautum
403 3776 462 3835 alis
494 3795 685 3836 numerorum
713 3793 823 3850 genera
850 3774 924 3834 adeo
952 3771 1195 3850 praevalent,.ut
1220 3773 1252 3830 in

121 3877 275 3954 plerisque
301 3877 411 3937 fabulis
438 3879 548 3937 senarii
573 3879 627 3937 rix
654 3883 791 3954 quartam
817 3876 926 3935 fabula
953 3879 1069 3950 partem
1097 3873 1252 3951 expleant,

121 3979 281 4039 Terentius
314 3981 446 4057 pressius
478 3981 638 4040 Menandri
676 3983 804 4057 vestigia
843 3983 961 4038 secutus
999 3976 1062 4035 fere
1099 3976 1253 4036 dimidiam

121 4082 229 4142 fabulas
258 4088 376 4160 partem
403 4085 528 4142 senariis
556 4083 690 4142 tribuere
712 4082 800 4142 solet.
844 4080 906 4138 Nec
933 4079 1057 4138 minoris
1085 4081 1159 4138 artis
1187 4084 1253 4138 erat

122 4185 259 4245 diverbia
279 4185 356 4245 bene
377 4187 575 4264 pronuntiare
598 4205 688 4262 quam
710 4187 827 4244 cantica
849 4187 978 4242 cantare.
1013 4182 1110 4241 Testis
1133 4187 1178 4240 est
1199 4201 1252 4260 po·

123 4291 232 4349 sterior
254 4294 341 4361 atas,
364 4307 430 4364 qua
452 4289 508 4346 hac
529 4288 657 4346 maxime
679 4291 711 4348 in
733 4309 766 4348 re
789 4292 904 4346 actores
927 4285 1136 4345 comoediarum
1158 4285 1251 4344 adrni-

123 4392 245 4452 rabatnr
279 4411 441 4467 eorumque
469 4388 632 4467 discipulos
663 4392 754 4449 otiam
783 4374 917 4450 oratores
947 4409 1011 4449 esse
1038 4387 1193 4462 volebant,
1222 4407 1250 4446 v.
