2956 5018
230 466 292 530 154
687 460 897 532 ΡΝῙΘΕΟΝΜ

227 659 343 716 textum
370 655 526 716 constituit
550 675 612 715 non
638 655 836 731 inelegantem
863 656 949 716 iilum
973 653 1094 734 quidem
1120 653 1175 716 sed
1202 675 1255 716 nee
1281 654 1371 714 satis

227 758 336 831 fidum,
365 777 420 816 nec
447 777 508 820 non
534 759 643 835 sapius
666 777 684 816 a
705 756 805 818 Plauti
831 777 967 818 somene
996 762 1028 816 et
1050 777 1138 818 sensu
1159 759 1302 832 alienum,
1332 763 1372 818 et

226 891 270 902 --
298 860 381 938 quod
412 862 539 920 maxime
572 860 802 938 vituperandum
829 889 873 903 -
898 880 960 920 non
986 861 1146 920 verborum
1174 861 1271 920 solum
1302 859 1370 920 sed

228 963 320 1022 etiam
341 981 481 1022 versuum
503 949 643 1022 ordinem
660 981 739 1040 saepe
761 979 875 1022 summa
895 963 1016 1022 licentia
1037 967 1211 1022 mutantem.
1252 961 1369 1023 Obfuit

227 1066 294 1124 viro
322 1064 491 1124 doctissimo
518 1064 612 1124 nimia
637 1065 684 1124 sni
711 1063 835 1138 fiducia;
869 1064 921 1124 sed
954 1069 1155 1142 preterquam
1187 1063 1270 1141 quod
1296 1083 1368 1123 non

223 1168 324 1246 'panca
355 1171 436 1226 recte
469 1167 654 1240 emendarit,
681 1167 744 1228 bsec
772 1169 800 1226 ei
827 1172 938 1245 prater
965 1171 1078 1225 ceteros
1104 1166 1171 1225 laus
1197 1165 1369 1226 tribuendo

228 1273 291 1342 est,
315 1269 396 1346 quod
418 1269 520 1329 studia
540 1269 714 1346 languentia
736 1271 831 1330 erexit
851 1269 1051 1345 Plautumque
1071 1269 1134 1328 situ
1155 1272 1186 1327 et
1207 1268 1365 1328 oblivione

216 1371 414 1432 ,laborantem
436 1375 522 1429 tento
545 1372 677 1430 virorum
707 1372 862 1430 doctorum
889 1373 1046 1430 certamini
1072 1370 1214 1444 subiecit,
1235 1375 1273 1428 ut
1292 1389 1365 1448 spc-

228 1493 297 1534 rare
318 1473 423 1531 liceret
444 1471 498 1531 bas
519 1471 643 1546 fabulas,
667 1473 748 1550 qnod
770 1473 929 1549 diligentia
950 1479 982 1532 et
1003 1473 1121 1551 ingenio
1145 1470 1223 1531 effici
1245 1477 1362 1551 posset,

228 1576 382 1653 eliquanto
405 1574 523 1634 seniore
543 1574 640 1634 forma
660 1574 833 1652 prodituras
855 1594 928 1634 esse.
962 1574 1158 1635 Ritscbeiium
1174 1579 1296 1634 secutus
1312 1579 1364 1634 est

227 1675 463 1751 Fleckeisenius,
487 1677 548 1754 qui,
572 1695 664 1754 quum
686 1677 809 1736 eundem
830 1677 893 1736 iere
914 1678 995 1737 rism
1018 1676 1172 1736 insisteret
1192 1695 1247 1734 nec
1269 1675 1362 1735 nimis

227 1780 315 1858 longe
337 1801 356 1838 a
376 1779 512 1854 magistri
532 1779 668 1854 vestigiis
690 1779 868 1852 discederet,
896 1785 997 1838 tamen
1023 1798 1084 1838 non
1105 1796 1202 1855 pauca
1221 1778 1362 1838 laudabi-

227 1883 298 1942 liter
319 1883 460 1941 correxit.
503 1880 589 1942 Unus
613 1881 751 1960 fereper
773 1883 890 1959 aliquot
916 1900 1009 1940 annos
1031 1879 1196 1940 Ritscbelic
1218 1879 1360 1940 adversa·

228 1989 279 2044 tus
301 1989 347 2043 est
369 1981 553 2060 Geppsrtus,
578 1984 630 2060 qui
652 1988 683 2040 et
704 1983 768 2059 ipse
789 1982 1020 2042 Ambrosianum
1041 1981 1268 2060 palimpsestum
1290 1981 1359 2041 dili·

227 2092 334 2162 genter
355 2088 539 2144 tractaverat
559 2103 614 2142 nec
635 2102 739 2159 pauca,
764 2103 830 2162 quse
841 2084 1038 2144 Ritsobelium
1059 2083 1207 2160 fingerent,
1230 2082 1358 2158 legeret.

229 2187 343 2250 Sensim
365 2187 467 2263 plures
495 2187 591 2244 exorti
613 2189 697 2258 mint,
721 2187 773 2264 qni
795 2185 843 2244 rel
864 2186 994 2262 propriis
1015 2185 1102 2244 libris
1122 2185 1172 2243 rel
1193 2185 1359 2244 minoribns

229 2289 395 2349 disriorum
416 2287 664 2365 philologicorum
686 2287 945 2347 dissertationibus
956 2285 1061 2346 Plauto
1082 2285 1268 2346 emendando
1287 2305 1359 2364 ope·

228 2409 293 2450 ram
315 2390 429 2450 darent.
474 2389 605 2461 Quorum
627 2409 719 2467 quum
742 2389 819 2448 olins
841 2391 900 2448 alin
925 2393 1096 2460 conaretur,
1119 2406 1179 2446 non
1200 2407 1271 2448 raro
1294 2394 1359 2450 stu·
1472 2453 1473 2480 Ξ

230 2491 315 2551 diose
347 2492 596 2566 investigantibus
627 2493 707 2550 inter
738 2511 855 2552 errores
887 2510 959 2550 vera
990 2490 1040 2550 via
1066 2490 1187 2548 inventa
1203 2487 1274 2561 vest3
1304 2489 1361 2550 sed
1472 2499 1473 2502 ’

229 2593 305 2652 nihil
339 2594 410 2653 dum
441 2599 538 2652 toturn
568 2593 709 2653 effectum
743 2597 797 2652 est.
842 2592 904 2652 Nec
929 2593 1065 2664 illorum,
1094 2611 1169 2668 quos
1197 2591 1359 2664 nominavi,

231 2695 379 2754 editiones
400 2695 548 2756 absolute
571 2700 654 2770 sunt,
683 2715 737 2754 nec
764 2695 827 2755 ullo
855 2694 944 2754 modo
971 2695 1052 2752 inter
1079 2693 1161 2751 viros
1188 2691 1294 2752 doctos
1322 2692 1360 2752 de

229 2797 348 2858 ratione
369 2799 467 2874 operis
489 2799 638 2858 convenit.
682 2796 859 2857 Feliciorem
886 2815 1039 2874 speramus
1065 2795 1143 2867 iore,
1172 2795 1225 2871 qui
1251 2813 1359 2854 novam

229 2897 331 2958 Plauti
363 2899 565 2958 recensionem
597 2899 751 2976 promisit,
786 2898 967 2960 Gulielmum
999 2896 1265 2969 Studemnndium,
1300 2915 1359 2975 qno

229 3018 318 3060 nemo
342 2999 514 3077 diligentius
541 3007 596 3060 aut
622 3002 734 3060 maiore
762 3022 829 3060 oum
856 3003 957 3060 fructu
983 3000 1210 3078 palimpsestum
1230 2999 1359 3058 Ambro-

230 3102 346 3162 sianum
367 3103 519 3162 tractarit.
563 3103 663 3180 Atque
691 3106 805 3162 utinam
832 3105 891 3163 iam
919 3102 1072 3181 prodisset
1099 3102 1162 3162 eius
1190 3101 1297 3174 editio,
1325 3104 1360 3160 nt

229 3201 346 3262 omissis
373 3205 417 3262 rei
445 3205 555 3264 criticas
583 3207 710 3283 spinetis
739 3206 804 3266 solo
833 3204 993 3264 enarrandi
1015 3224 1105 3282 opere
1126 3205 1254 3264 lectores
1274 3209 1358 3262 tene·

229 3305 342 3364 remusi
375 3305 501 3365 Interim
532 3327 570 3366 ne
603 3307 654 3366 diu
683 3311 854 3384 preparata
882 3326 931 3366 ree
958 3309 991 3366 in
1016 3308 1165 3366 incertum
1191 3304 1356 3378 differatur,
1472 3291 1473 3352 Ϊ

229 3411 334 3466 nostra
358 3409 475 3467 ratione
501 3409 671 3486 nostrisque
698 3409 790 3486 copiis
818 3427 882 3468 rem
903 3408 1125 3486 aggrediemnr3
1149 3407 1202 3467 sed
1224 3407 1357 3466 criticam

229 3529 292 3568 rem
314 3529 403 3586 quem
424 3509 596 3570 brevissime
621 3511 829 3582 tractabimus,
853 3529 920 3585 eos,
943 3511 996 3588 qni
1017 3509 1105 3586 plura
1132 3514 1164 3568 et
1190 3509 1358 3588 copiosiora
1472 3489 1473 3506 ³

229 3617 346 3690 optant,
369 3633 388 3671 a
408 3612 575 3672 Ritschelio
598 3618 630 3671 et
646 3611 861 3672 Studemundio
878 3617 983 3690 petere
1004 3611 1151 3671 iubentes.

314 3712 359 3771 Ac
391 3713 522 3772 breviter
554 3716 677 3774 mactari
709 3733 757 3772 res
790 3719 899 3791 potest.
943 3713 1022 3775 Nam
1049 3714 1081 3772 in
1109 3717 1177 3772 octo
1205 3711 1354 3788 prioribus
1472 3767 1473 3770 ,

229 3813 339 3874 fabulis
366 3813 468 3874 Plauti
501 3820 659 3876 contextus
692 3836 729 3875 ex
760 3835 819 3875 unc
853 3815 955 3874 codice
982 3821 1083 3874 vetere
1111 3813 1277 3873 (temerarii
1305 3810 1354 3889 (B)

229 3915 350 3992 pendet,
373 3917 405 3976 in
428 3915 585 3977 duodecim
606 3916 822 3995 posterioribus
843 3935 880 3976 ex
902 3921 1030 3994 utroque
1052 3913 1090 3988 (B
1112 3919 1144 3974 et
1165 3911 1211 3989 G).
1257 3914 1290 3974 Si
1311 3915 1356 3974 oui

230 4016 325 4075 codici
357 4023 468 4095 pretor
500 4020 557 4079 bos
590 4019 797 4079 testimonium
830 4017 1024 4077 deferendum
1053 4023 1112 4090 est,
1140 4017 1168 4076 is
1194 4017 1253 4076 erit
1273 4016 1355 4077 Ursi·

229 4119 336 4184 nisnus
359 4116 428 4194 (D),
461 4121 515 4180 eod
546 4123 572 4180 ie
603 4123 635 4180 in
666 4120 884 4199 posterioribus
916 4119 1026 4178 fabulis
1058 4118 1121 4178 sere
1150 4118 1286 4193 geminus
1313 4121 1355 4176 eet

229 4219 327 4278 codici
350 4221 387 4294 O,
421 4224 453 4281 in
485 4224 634 4301 prioribus
660 4224 705 4281 ita
732 4221 845 4282 cumB
879 4222 1027 4280 consentit
1057 4220 1107 4280 vel
1138 4222 1171 4279 in
1201 4219 1355 4278 levissimis

229 4320 328 4396 rebus,
351 4322 435 4384 velut
455 4325 578 4385 vocibus
599 4345 756 4402 perperam
777 4324 892 4398 divisis,
916 4329 947 4384 et
963 4324 995 4382 in
1013 4322 1166 4382 erroribus
1181 4322 1354 4394 manifestis,
