2992 5054
243 518 285 578 64
759 511 851 566 Plauti
1192 513 1238 580 Π,
1249 517 1274 582 2,
1284 515 1377 568 6-14

694 701 920 766 Mercurius

243 811 295 876 Ita
316 831 411 893 rogo;
434 831 538 894 paene
560 809 737 892 ecfregisti‚
760 810 859 890 fatue,
883 808 1009 874 foribus
1031 807 1191 874 cardines.

242 919 293 984 An
314 917 395 984 foris
418 918 575 984 censebas
596 919 692 984 nobie
715 918 892 1002 publicitus
915 917 1126 1002 praeberier‘?
1303 917 1376 970 102⁰

243 1026 329 1104 Quid
351 1048 402 1092 me
425 1033 587 1111 aspectas,
611 1027 754 1092 stolide?
777 1026 855 1110 quid
877 1045 965 1092 nuno
985 1027 1037 1090 uis
1058 1024 1120 1090 tibi
1143 1030 1201 1091 aut
1218 1027 1291 1108 quis
1305 1027 1374 1091 tu's

769 1121 770 1124 ¹
959 1133 1079 1199 homo?

689 1240 928 1325 Amphitruo

242 1351 399 1432 Uerbero,
419 1353 520 1416 etiam
538 1351 611 1434 quis
629 1369 688 1432 ego
707 1351 767 1414 sim
784 1371 835 1416 me
852 1353 986 1434 rogitas,
1003 1351 1166 1416 ulmorum
1176 1350 1375 1416 Acheruns?

159 1499 163 1510 ·
243 1461 346 1539 Quem
363 1459 496 1543 polege
513 1459 611 1525 hodie
629 1459 671 1526 ob
687 1459 792 1524 istaec
809 1459 899 1524 dicta
915 1457 1035 1526 faciam
1051 1458 1233 1525 sementem
1249 1458 1374 1541 flagris.

693 1588 920 1655 Mercurius

118 1667 124 1676 ’
243 1699 419 1782 Prodigum
441 1704 474 1763 te
496 1697 598 1763 fuisse
621 1702 753 1780 oportet
774 1697 851 1762 olim
872 1699 907 1762 in
929 1697 1163 1764 adulescentia.

688 1825 927 1912 Amphitruo

243 1915 405 1993 Quidum?

695 2022 921 2086 Mercurius

408 2130 492 2210 Quia
514 2135 647 2196 senecta
669 2135 778 2194 aetate
802 2151 822 2195 a
843 2150 895 2194 mo
917 2128 1083 2194 mendicae
1105 2129 1238 2193 malum.
1304 2139 1373 2190 1025

690 2241 926 2346 Amphitruo
1111 2329 1113 2332 ,

244 2368 326 2434 Cum
348 2370 499 2434 cruciatu
521 2375 578 2462 tuo
602 2369 706 2434 istaec
727 2367 835 2448 hodie,
858 2388 970 2446 uerna,
993 2367 1097 2432 uerba
1117 2365 1273 2432 funditas.

694 2499 919 2564 Mercurius

243 2608 410 2674 Saomfico
433 2629 493 2692 ego
516 2629 603 2673 nunc
625 2607 696 2672 tibi.

686 2714 925 2799 Amphitruo

695 2823 781 2901 Qui?

693 2930 920 2997 Mercurius

782 3041 866 3118 Quia
888 3039 974 3104 enim
997 3044 1029 3103 te
1051 3043 1159 3104 macto
1178 3037 1370 3105 infortunio.

689 3146 926 3231 Amphitruo

241 3255 286 3319 At
308 3275 366 3338 ego
389 3260 423 3319 te
446 3273 544 3319 cruce
567 3261 600 3319 et
622 3255 770 3321 cruciatu
792 3255 956 3336 mactabo,
979 3256 1139 3339 mastigia.

607 3523 610 3531 .
692 3470 916 3536 Mercurius

242 3579 327 3644 Erus
350 3577 544 3662 Amphitruo
568 3583 616 3642 est
637 3583 826 3661 occupatus.

245 3876 310 3928 1019
328 3871 477 3943 1011ζί1111
536 3873 603 3926 1020
620 3871 759 3940 publicius
815 3874 881 3926 1024
899 3871 1116 3926 adolescentiam
1169 3873 1304 3927 1028-50
1320 3869 1367 3926 de-

294 3965 359 4013 sunt
375 3961 405 4013 111
422 3957 567 4014 1011111011,

245 4045 310 4098 1028
327 4043 439 4098 Nonius
454 4060 485 4112 p.
504 4045 577 4096 343:
605 4042 729 4097 Mactata
752 4043 827 4096 malo
850 4040 960 4096 afficere
981 4041 1130 4111 significat.
1161 4041 1281 4096 Plautus
1302 4042 1368 4094 Am-

294 4129 455 4199 phitryona:
474 4129 513 4182 At
526 4145 579 4197 ego
592 4133 670 4182 certo
685 4145 766 4182 ornos
780 4135 808 4182 et
822 4127 975 4182 cruciatum
987 4128 1125 4182 mactabo.
1142 4142 1214 4180 exuo
1227 4127 1367 4197 mastigia.

245 4216 311 4269 1029
335 4213 447 4269 Nonius
468 4229 498 4282 p.
526 4215 582 4267 354
608 4229 647 4281 aq.
685 4211 856 4283 occupatus,
888 4212 1052 4282 impeditus,
1081 4217 1114 4266 ut
1141 4211 1237 4266 Graeca
1265 4213 1368 4266 dicitur

294 4304 403 4368 ἀσχολιῖ,
426 4299 532 4353 idest:
559 4297 670 4352 Uaouus
693 4303 823 4353 nonest.
864 4297 978 4353 Plautus
1000 4299 1031 4352 in
1051 4297 1268 4368 Amphitryona:
1294 4297 1367 4354 Erus

294 4384 462 4453 Amphitryo
480 4377 657 4452 occupatus'
