2992 5054
158 2367 228 2424 tum
250 2379 367 2442 parere
396 2358 487 2424 iussi.
531 2358 594 2424 Illa
621 2364 719 2424 aetate
747 2358 851 2424 multa
878 2357 1022 2424 nondum
1050 2361 1131 2424 satis
1159 2358 1288 2424 firmata

157 2496 260 2564 fuisse
283 2494 453 2575 videntur,
476 2496 580 2562 multa
601 2517 734 2581 quoque
756 2497 908 2578 ignorare
929 2517 990 2561 nos
1012 2496 1126 2576 crede,
1148 2497 1288 2562 maxime

156 2634 190 2698 in
213 2653 249 2698 re
272 2633 423 2712 metrica,
447 2654 520 2716 quse
542 2653 693 2716 magnam
717 2639 846 2718 partem
875 2655 948 2700 cum
976 2633 1186 2718 antiquorum
1212 2612 1315 2718 pros

156 2769 331 2836 nuntiandi
353 2769 480 2835 ratione
503 2769 680 2836 coniuncta
702 2776 762 2836 est.
808 2770 915 2847 Quare
942 2769 999 2834 ubi
1022 2791 1139 2836 sensus
1161 2771 1288 2853 integer

156 2911 255 2986 esset,
277 2905 333 2971 ubi
356 2906 462 2970 oratic
485 2907 564 2972 vitio
587 2913 723 2986 careret,
745 2927 956 2972 numerorum
973 2908 1136 2990 asperitas
1153 2905 1288 2982 ferenda

156 3042 345 3122 videbatur,
384 3065 442 3122 ne,
482 3042 560 3108 dum
599 3043 725 3109 minora
759 3045 838 3108 vitia
870 3065 1036 3110 removere
1071 3064 1222 3124 conarer,
1253 3043 1287 3107 in

155 3181 284 3246 maiora
315 3180 535 3258 incurrerem,
576 3178 755 3258 „festucam
795 3187 946 3264 spectans
979 3181 1013 3244 in
1047 3181 1143 3245 oculo
1176 3180 1288 3244 fratris

156 3319 230 3397 mei,
251 3318 381 3383 trabem
404 3320 438 3383 in
461 3339 533 3382 mec
556 3337 620 3381 non
644 3315 937 3383 animadvertens“.
973 3318 1068 3395 Quod
1094 3323 1205 3382 autem
1223 3338 1288 3381 non

157 3455 264 3520 solum
283 3461 410 3520 textum
429 3454 573 3540 aliquem
589 3453 817 3518 Plautiuarum
836 3455 1071 3522 comoediarum
1089 3455 1288 3520 constituere

156 3598 293 3657 conatus
315 3614 398 3671 sum,
421 3591 600 3657 sedetiam
623 3591 798 3656 enarrandi
822 3613 903 3675 opus
928 3593 1072 3675 suscepi,
1095 3613 1161 3656 non
1184 3592 1288 3656 doctis

155 3728 234 3792 solis
262 3727 433 3793 consulere
462 3728 564 3808 volui,
593 3727 650 3792 sed
680 3729 843 3793 tironibus
873 3749 1003 3813 quoque
1031 3735 1065 3793 et
1091 3728 1145 3808 iis,
1174 3730 1201 3792 si
1231 3729 1288 3813 qui

156 3865 256 3930 animi
279 3886 381 3930 causa
402 3865 557 3930 Plautum
580 3865 698 3930 lecturi
723 3872 842 3931 essent.
882 3865 920 3930 In
943 3875 1010 3949 qua
1032 3867 1161 3931 consilii
1184 3866 1289 3950 dupli·
1320 3871 1325 3882 '

155 4002 273 4080 citata,
296 4002 372 4067 dum
396 4023 469 4086 quae
492 4002 567 4068 aliie
590 4002 823 4086 impedimento
846 4001 980 4068 fuerunt
1002 4004 1155 4088 expedire
1179 4025 1288 4082 conor,

156 4140 305 4224 quamvis
343 4160 474 4222 semper
505 4139 676 4205 brevitatis
710 4141 878 4206 studiosus
911 4141 1043 4222 fuerim,
1077 4147 1188 4206 tamen
1223 4163 1288 4205 non

155 4275 238 4341 nihil
259 4297 389 4357 vereor,
412 4298 454 4340 ne
477 4277 589 4342 multis
617 4277 723 4342 multa
751 4278 919 4343 abundare
954 4279 1136 4344 videantur.
1180 4277 1288 4359 Atque

155 4413 283 4478 utinam
312 4413 394 4476 nihil
424 4413 514 4479 aliud
543 4416 576 4502 in
605 4413 667 4478 hoc
695 4435 793 4498 opere
829 4415 1025 4498 reprehendi
1055 4417 1161 4498 possit
1190 4437 1288 4499 quam
