2960 5038
614 510 791 580 Amphitruo.
1207 517 1268 578 229

153 723 249 780 parum
270 723 432 780 congruere
454 705 518 766 iure
541 704 712 764 indicarunt
734 707 862 782 primurn
876 705 1022 777 Osannus,
1042 705 1157 778 deinde,
1179 726 1269 783 quum

157 804 328 882 hadewigius
359 803 450 878 (1188.
473 805 608 864 Rhenan.
631 826 699 865 888.
722 805 767 864 ΙΠ
791 803 901 880 (1845)
925 827 954 884 p.
982 805 1055 882 184)
1087 809 1269 867 8881888188

156 885 268 984 probare
296 913 418 967 conatus
447 914 540 980 esset,
570 907 604 967 E.
628 909 787 967 Hoffmann
816 909 1029 969 dissertatione
1057 911 1094 968 de
1123 909 1269 968 Plautinae

156 1011 367 1088 Amphitruonis
402 1011 563 1086 exemplari
593 1016 623 1068 81
651 1011 822 1088 fragmentis
851 1011 1037 1070 Vratislaviae
1070 1013 1151 1071 1848
1180 1012 1268 1070 edita.

155 1113 204 1171 Sed
229 1118 341 1185 188888,
371 1114 456 1188 quasi
484 1114 604 1170 omnino
632 1133 750 1171 necesse
780 1120 870 1186 esset,
901 1115 939 1172 ad
960 1115 1144 1194 Archippum
1168 1119 1275 1172 aucto-c

153 1235 208 1272 rem
223 1214 329 1273 Latina
350 1214 451 1272 181818
473 1214 574 1290 811888
596 1215 686 1273 modo
709 1217 881 1288 referretur,
902 1216 1037 1275 0888888
1060 1237 1119 1275 888
1142 1215 1268 1287 81811181,
1324 1191 1329 1200 ¹

153 1317 216 1394 8818
247 1322 349 1393 888188
376 1316 492 1394 aliquas
520 1317 696 1394 Archippeae
723 1317 831 1375 1818188
860 1317 985 1376 Plautus
1013 1321 1043 1377 in
1070 1339 1155 1377 suum
1182 1337 1269 1375 usum

153 1420 334 1491 converterit,
374 1418 568 1477 Hoffmannus
606 1421 736 1494 priorem
775 1419 920 1496 Archippi
959 1420 1091 1479 fabulam
1128 1420 1268 1478 Plautum

152 1523 291 1580 imitatum
314 1541 378 1579 esse
401 1523 517 1592 statuit,
540 1522 700 1597 posteriori
722 1521 890 1598 fragmenta
913 1541 930 1578 a
952 1523 1153 1596 grammaticis
1179 1521 1270 1580 allata

151 1623 257 1682 tribuit.
302 1623 374 1694 Quae
402 1623 474 1681 mihi
503 1622 621 1700 quidem
650 1623 809 1682 hariolatio
842 1623 971 1681 videtur.
1017 1623 1133 1680 Etenim
1167 1622 1270 1680 181818

150 1731 246 1784 nostra
273 1725 310 1783 ab
338 1727 390 1796 iis,
414 1744 487 1801 quas
509 1725 659 1797 novimus,
689 1727 819 1803 antiquis
848 1725 1012 1796 comediis,
1042 1723 1269 1801 Aristophaneis

151 1827 218 1900 dico,
240 1833 302 1886 tam
325 1827 443 1886 diversa
465 1832 519 1898 881,
543 1833 577 1884 81
600 1827 732 1885 eiusdem
754 1829 897 1903 temporis
919 1831 971 1884 aut
993 1827 1111 1902 generis
1129 1845 1269 1884 essenon

149 1932 246 2007 possit.
291 1930 378 2002 Quod
411 1934 510 1987 autem
544 1931 622 1986 inter
650 1928 726 1986 1888
754 1928 885 1987 fabulam
913 1934 1087 2005 ceterasque
1114 1926 1269 2001 Plautinas

150 2033 257 2110 aliquid
279 2035 422 2090 181888888
444 2031 576 2104 videtur,
605 2031 814 2106 discrepantia
843 2051 931 2089 causa
958 2033 989 2089 18
1018 2033 1191 2106 argumento
1213 2032 1267 2100 est,

148 2154 203 2192 non
224 2137 254 2193 in
276 2135 455 2192 tractatione
475 2136 651 2208 argumenti.
687 2133 781 2190 Huius
799 2134 876 2191 enim
895 2133 1042 2191 comoediae
1060 2134 1269 2208 argumentum

148 2257 202 2294 non
223 2243 256 2295 81
277 2241 444 2295 ceterarum
467 2257 503 2294 ex
526 2235 703 2312 quotidiana
725 2236 878 2294 hominnm
906 2237 969 2294 8118
996 2237 1118 2311 8188888
1146 2232 1269 2290 rationi-

148 2339 200 2397 bus
222 2339 356 2411 ducitur,
381 2337 432 2395 sed
455 2357 491 2396 ex
512 2337 638 2396 heroum
661 2343 691 2395 et
713 2337 836 2396 deorum
862 2337 985 2410 1818118,
1014 2355 1080 2415 quae
1107 2333 1268 2412 tragediae,

147 2461 202 2499 non
225 2439 372 2500 eomoediae
396 2459 458 2499 esee
480 2440 631 2498 videntur.
676 2439 735 2498 Sed
758 2445 804 2497 881
826 2440 887 2497 haec
911 2438 1011 2497 181818
1033 2439 1071 2497 ad
1094 2438 1186 2496 risum
1209 2457 1270 2495 mo·

147 2544 271 2601 rendum
306 2543 473 2618 aptissima,
508 2544 610 2618 itaque
643 2547 805 2614 tractatur,
837 2543 921 2617 quasi
949 2562 1009 2600 non
1039 2541 1070 2600 di
1098 2545 1129 2599 et
1156 2539 1269 2612 heroes,

147 2644 195 2704 sed
217 2644 340 2719 vulgare
362 2645 514 2703 hominum
538 2663 640 2718 genus,
664 2643 778 2701 domini
797 2644 944 2720 servique,
962 2645 1064 2702 mariti
1083 2647 1113 2702 81
1131 2643 1271 2702 mulieres

146 2755 242 2821 agant.
287 2745 367 2803 Vera
393 2747 485 2822 igitur
513 2751 558 2804 est
587 2744 744 2818 comoedia,
768 2743 821 2803 sed
844 2765 880 2803 ex
902 2747 1017 2821 tragico
1040 2751 1160 2824 sumpta
1182 2764 1270 2819 argu-

147 2855 252 2922 mento,
277 2848 355 2907 unde
378 2867 438 2906 non
460 2849 570 2906 iniuria
586 2847 730 2925 prologus
748 2848 1038 2922 tragicocomoediam
1056 2848 1134 2907 dixit
1152 2845 1192 2922 (8.
1207 2845 1270 2922 59).

146 2951 245 3028 Neque
274 2951 330 3008 hoc
358 2951 477 3009 nomine
505 2969 614 3008 novum
643 2948 764 3026 aliquod
786 2969 880 3026 genus
902 2949 1103 3024 significatum
1132 2971 1201 3009 nam
1229 2952 1272 3008 ita

147 3054 310 3129 composita
327 3057 374 3110 est
390 3050 501 3122 181818,
521 3057 555 3108 81
573 3051 611 3109 81
628 3053 665 3109 118
683 3051 843 3124 comoediis,
864 3070 929 3127 qua
940 3057 1009 3128 8881
1020 3051 1184 3110 Alexandri
1195 3071 1272 3109 mor·

145 3162 203 3213 tem
220 3155 270 3229 agi
286 3154 423 3213 solebant
443 3150 472 3227 (ἦ
493 3155 540 3210 νέα
562 3149 713 3228 κωμῳδία),
733 3154 783 3211 818
805 3153 867 3212 ulla
886 3156 918 3211 in
936 3173 968 3211 re
989 3153 1158 3211 abhorreat.
1193 3151 1272 3210 Illud

146 3255 297 3315 fatendum
320 3261 379 3327 881,
403 3254 457 3313 188
480 3259 587 3332 888188
609 3274 732 3331 perraro
756 3275 791 3312 ex
814 3255 936 3314 deorum
962 3259 992 3312 81
1014 3255 1136 3312 heroum
1164 3253 1273 3311 1818118

146 3363 319 3436 argumenta
341 3359 510 3435 petisse-
525 3376 626 3430 unum,
650 3359 707 3416 8181
728 3357 825 3429 fallor,
843 3356 1011 3434 exemplum
1030 3362 1075 3414 est
1087 3355 1272 3432 Amphiarai,

146 3481 230 3539 quem
251 3465 281 3518 et
298 3459 503 3536 Apollodorus
515 3457 667 3534 Carystius
685 3464 715 3516 et
724 3457 912 3536 Philippides
932 3461 1115 3535 scripserant
1127 3487 1169 3496 -
1181 3475 1274 3533 quum

145 3565 173 3622 in
200 3563 300 3623 medio
328 3561 479 3622 comoediae
508 3579 616 3637 genere
639 3560 991 3638 8111118888881188811.
1037 3559 1133 3630 Quare
1156 3558 1182 3615 81
1205 3559 1273 3634 8818

145 3667 247 3724 mediae
269 3665 370 3741 potius
393 3681 483 3739 quam
504 3681 589 3721 88888
611 3661 762 3722 comoedia
780 3662 1028 3737 Amphitruonem
1050 3658 1274 3718 attribuendam

146 3769 263 3840 dixerit,
287 3783 455 3843 repugnare
477 3764 598 3824 18811188
620 3783 680 3823 non
702 3767 805 3836 ausim,
829 3761 977 3821 affirmare
999 3761 1037 3819 de
1054 3779 1161 3838 genere
1178 3780 1274 3838 prope

145 3872 246 3947 ignoto
268 3875 300 3926 et
322 3870 405 3925 ouius
428 3866 543 3924 nullum
567 3867 605 3924 ad
627 3885 682 3924 nos
702 3866 870 3941 exemplum
887 3865 1066 3941 pervenerit,
1083 3865 1274 3921 temerarium

144 3971 231 4030 foret.
277 3970 496 4046 Argumentum
524 3973 623 4026 autem
654 3987 724 4026 8888
747 3967 904 4038 comicum,
929 3985 946 4023 a
969 3985 1029 4042 quo
1052 3985 1088 4024 88
1111 3965 1274 4043 Sophocles

145 4073 265 4150 quidem
288 4071 446 4143 abstinuit,
472 4072 554 4129 ouius
576 4071 743 4146 Ἀμφιτρύων
767 4069 871 4126 drama
893 4071 1054 4144 satyricum
1078 4068 1169 4126 fuisse
1192 4067 1274 4126 vide·

144 4181 208 4247 tur,
233 4174 342 4252 sapius
364 4193 382 4232 a
404 4174 524 4232 comicis
546 4177 707 4230 tractatum
731 4191 794 4230 8888
816 4171 978 4230 verisimile
1000 4177 1061 4243 881;
1085 4189 1152 4228 nam
1174 4169 1275 4228 Iovem

146 4277 316 4336 adulterum
339 4297 398 4335 non
421 4295 491 4334 raro
514 4277 546 4332 in
569 4293 688 4332 scenam
710 4273 888 4352 productum
916 4293 979 4331 esse
1007 4277 1132 4331 constat.
1178 4271 1274 4330 Huius

147 4383 188 4438 rei
211 4381 327 4456 insigne
348 4379 552 4437 testimonium
576 4380 621 4432 est
643 4395 695 4433 vas
717 4377 840 4454 pictum,
864 4375 954 4434 hodie
976 4375 1069 4434 musei
1088 4373 1274 4448 Gregoriaui,
