2956 5018
218 493 274 570 90'
676 561 685 570 ,
734 503 827 557 Plauti

659 693 905 777 Argyrippus
938 679 942 686 ¹

217 805 324 870 Aliam
346 823 434 868 nunc
456 787 539 866 mihi
557 803 738 868 oraticnem
760 800 942 884 despoliato
965 799 1148 884 praedicas,

219 913 344 997 [Longe
366 912 481 992 aliam,
503 912 647 995 inquam,
670 909 810 994 praebes
833 929 920 975 nunc
943 915 1043 992 atque
1067 908 1143 974 olim
1166 930 1266 992 quom
1288 908 1347 973 da-

934 1015 1024 1099 bam]

218 1131 325 1195 Aliam
354 1134 454 1213 atquc
482 1128 574 1208 clim,
605 1147 702 1209 quom
734 1124 906 1190 inliciebas
939 1145 990 1189 me
1024 1123 1066 1188 ad
1095 1130 1129 1190 te
1156 1123 1278 1190 blande
1306 1145 1347 1188 ac

934 1231 1103 1298 benedico.
1296 1233 1348 1286 2⁰⁵

218 1347 301 1411 Tum
322 1344 402 1410 mihi
424 1344 523 1410 aedes
545 1364 675 1428 quoquc
697 1340 899 1422 arridebant,
922 1361 1021 1425 quom
1044 1339 1088 1404 ad
1109 1346 1142 1406 te
1161 1339 1346 1420 ueniebam,

933 1455 1022 1514 tuac.

218 1562 270 1626 Me
288 1561 384 1626 unice
400 1581 501 1624 unum
519 1581 558 1624 ex
576 1559 727 1624 omnibus
743 1565 777 1622 te
794 1564 894 1642 atque
910 1557 1001 1623 illam
1018 1577 1129 1622 amare
1146 1555 1239 1621 aibas
1256 1555 1346 1620 mibi.

217 1669 282 1734 Ubi
305 1668 384 1752 quid
407 1667 570 1747 dederam,
593 1668 688 1751 quasi
710 1666 880 1732 columbae
903 1663 984 1748 pulli
1005 1665 1040 1730 iu
1063 1685 1119 1729 ore
1138 1663 1255 1730 ambae
1274 1685 1347 1729 mec

217 1776 328 1861 Usque
351 1776 465 1856 eratis,
488 1796 561 1840 mec
584 1773 626 1840 de
648 1775 757 1841 studio
780 1774 890 1840 studia
912 1779 1007 1839 erant
1028 1780 1143 1838 nosue
1165 1773 1286 1839 o'mnia.

217 1883 329 1969 Usque
351 1883 595 1963 adhaerebatis3
620 1882 708 1966 quod
724 1903 785 1966 ego
803 1884 973 1962 iusseram,
991 1882 1078 1966 quod
1096 1881 1277 1960 nolueram,
1296 1889 1348 1942 210

217 1992 417 2074 Faciebatis3
441 1992 529 2076 qnod
550 1991 703 2057 nolebam
725 2011 765 2056 ac
787 1997 967 2070 uetueram,
991 1988 1031 2054 de
1054 1989 1217 2054 industria

191 2176 194 2181 ¹
217 2101 407 2182 Fugiebatie
429 2121 536 2185 neque
559 2101 673 2167 conari
694 2099 727 2163 id
750 2097 859 2163 secere
882 2097 1054 2163 audebatis
1077 2097 1176 2181 prius.

217 2208 313 2275 Nunc
329 2229 436 2294 neque
453 2209 532 2293 quid
543 2208 650 2286 ,uelim
666 2227 773 2292 neque
789 2206 1017 2272 nolimlacitis
1030 2206 1149 2288 magni,
1163 2225 1345 2288 pessumae.

688 2316 876 2381 Cleareta

217 2426 291 2491 Non
313 2431 351 2490 tu
373 2425 456 2490 scis?
478 2425 532 2490 bic
553 2431 667 2490 noster
689 2430 842 2508 quaestus
865 2423 985 2506 aucupi
1007 2419 1225 2488 simillumust.

219 2534 348 2617 Auceps
370 2533 502 2618 quando
525 2533 735 2597 ccncinnauit
757 2553 878 2612 aream,
902 2530 1043 2598 offundit
1065 2530 1189 2610 cibum;
1294 2538 1346 2590 216

219 2641 305 2706 Aues
338 2642 551 2722 adsuescunt;
589 2647 754 2706 necessest
785 2640 895 2706 lacere
928 2646 1093 2723 sumptum
1127 2639 1183 2723 qui
1215 2639 1346 2722 quaerit

935 2748 1073 2812 lucrum.

220 2857 325 2941 Saepe
349 2855 463 2937 edunt;
486 2856 586 2922 semel
609 2859 636 2922 si
659 2861 734 2923 eunt
756 2863 883 2939 captae,
906 2877 975 2920 rem
997 2847 1129 2919 sclucnt
1150 2854 1280 2935 aucupi.

218 2964 337 3030 Itidem
358 2964 413 3030 hic
434 2965 524 3048 apud
545 2987 620 3030 nos:
643 2965 733 3030 aedis
756 2964 850 3030 nobie
874 2970 996 3042 areast,
1027 2983 1146 3046 auceps
1174 2983 1248 3026 eum
1276 2981 1344 3044 ego,

218 3072 337 3138 Escast
358 3074 522 3154 meretrix,
545 3074 649 3139 lectus
671 3074 759 3138 inlex
782 3080 841 3152 est,
865 3077 1030 3136 amatores
1052 3091 1140 3135 aues.

218 3181 307 3245 Bene
330 3179 503 3246 salutando
527 3188 753 3261 consuescunt,
777 3179 992 3263 compellando
1015 3178 1188 3259 blanditer,
1294 3187 1344 3239 tao

219 3288 413 3369 Osculandc,
437 3290 585 3355 oratione
607 3289 754 3370 uinnula,
777 3287 960 3354 uenustula.

218 3397 253 3463 Si
275 3397 432 3481 papillam
454 3399 680 3480 pertrectauit,
703 3397 792 3472 haud
815 3403 865 3462 est
887 3395 929 3460 ab
952 3417 988 3460 re
1012 3394 1157 3478 aucupis.

218 3505 352 3572 Senium
375 3505 402 3570 si
424 3506 570 3588 sumpsit,
592 3525 720 3570 sumere
743 3527 817 3569 eum
838 3504 917 3570 licet
939 3505 1009 3568 sine
1022 3502 1164 3568 retibus.

217 3613 363 3678 Haecine
386 3619 420 3678 te
443 3635 512 3680 esse
535 3614 681 3694 oblitum,
703 3614 737 3677 in
759 3612 836 3677 ludo
860 3614 917 3696 qui
938 3611 1029 3677 fuisti
1050 3617 1119 3676 tam
1141 3610 1218 3675 diu?

658 3723 907 3806 Argyrippus

218 3829 288 3894 Tua
325 3831 389 3894 ista
428 3829 571 3913 culpent,
612 3851 696 3915 quae
736 3829 931 3912 discipulum
969 3827 1185 3894 semidoctum
1218 3825 1278 3892 abs
1311 3831 1343 3890 te

934 3957 1076 4002 amoucs.
1293 3933 1344 3986 225

688 4043 879 4112 Cleareta

217 4153 375 4218 Remeato
398 4153 565 4236 audacter,
587 4154 772 4220 mercedem
793 4155 821 4220 si
844 4155 908 4220 eris
930 4159 1082 4234 nanctus,
1105 4171 1192 4216 nunc
1214 4150 1278 4215 abi.

286 4387 337 4439 207
354 4385 448 4440 aiebas
516 4389 568 4441 218
586 4385 710 4440 Ititidem
779 4387 830 4440 222
846 4383 1031 4454 pertractabit
