2956 5018
269 526 330 586 164
725 516 936 588 Prolegomena

266 715 373 773 structi
400 717 515 786 essent,
545 733 606 771 non
635 717 918 772 commemoraretur
944 713 975 769 in
997 711 1114 770 Poenuli
1141 712 1269 790 prologo
1297 711 1412 788 dissig-

264 823 356 876 nator
389 820 574 895 spectatores
607 835 719 874 sessum
751 815 877 889 ducens,
906 834 966 874 non
994 814 1225 893 Amphitruonis
1253 817 1412 894 prologus

266 921 481 998 conquisitores
508 916 574 976 fieri
603 918 747 978 voluisset
773 920 805 977 in
832 917 949 995 singule
976 917 1119 977 subsellia
1146 918 1312 978 theatralis
1345 939 1412 977 am·

265 1023 345 1082 bitus
368 1020 524 1082 cohibendi
545 1041 645 1095 cauea,
669 1041 730 1081 non
749 1021 904 1096 Ergasilus
926 1022 1075 1100 parasitus
1097 1021 1218 1080 ultimos
1240 1022 1328 1096 illos,
1354 1022 1412 1099 qui

265 1125 389 1185 sedendi
409 1125 508 1184 locum
529 1144 589 1184 non
612 1125 739 1184 assecuti
762 1129 858 1197 erant,
882 1130 936 1185 aut
956 1129 1056 1183 tacere
1079 1130 1132 1184 aut
1154 1123 1239 1184 ubire
1260 1125 1411 1184 iussisset

266 1225 365 1307 (Gapt.
392 1224 454 1303 11).

351 1332 417 1390 Non
445 1331 590 1390 orationis
618 1336 736 1390 tanhrm
760 1330 859 1390 colore
882 1333 936 1388 cut
955 1349 1055 1388 rerum
1082 1329 1208 1404 indicio,
1232 1331 1287 1389 sed
1313 1332 1408 1408 quasi

266 1437 327 1494 suis
361 1434 418 1511 ipsi
450 1433 550 1494 verbis
584 1434 636 1496 alii
668 1434 787 1512 prologi
819 1453 851 1492 se
889 1453 908 1491 a
939 1433 1049 1491 Plauto
1083 1431 1300 1493 abiudicandos
1338 1455 1407 1493 esse

264 1543 432 1597 testantur:
455 1537 640 1596 Asinaria
669 1537 735 1595 dico
762 1536 935 1614 prologum,
965 1537 1018 1614 qui
1042 1535 1238 1596 histrionibus
1267 1543 1301 1595 et
1332 1557 1405 1595 con·

265 1639 442 1699 ductoribus
467 1639 546 1698 bene
573 1643 728 1715 precatur,
756 1644 853 1716 poetas
881 1638 956 1698 nihil
969 1659 974 1666 ·
987 1643 1089 1717 optat,
1119 1640 1231 1718 quippe
1259 1642 1316 1716 qui
1341 1642 1404 1697 iam

264 1746 401 1816 mqrtuus
423 1747 509 1816 esset,
532 1741 851 1814 Menachmorum,
871 1743 924 1818 qui
940 1742 1020 1800 inter
1036 1741 1118 1816 elias,
1136 1741 1245 1817 quibus
1262 1743 1401 1814 excellit,

263 1847 393 1923 ineptias
404 1865 432 1904 v.
447 1847 464 1904 3
481 1841 655 1922 ,Adporto“
675 1844 775 1920 inquit
796 1843 900 1917 ,uobis
911 1842 1051 1904 Plautum
1063 1845 1174 1920 lingum,
1193 1865 1254 1905 non
1271 1843 1400 1917 mann“,

264 1947 455 2020 Pseudoli‚
479 1949 562 2007 cuius
589 1949 686 2006 exitus
714 1947 794 2006 solus
822 1952 918 2005 extat:
946 1947 1104 2020 ,Plautina
1124 1947 1216 2026 longa
1236 1949 1346 2008 fabula
1368 1951 1402 2005 in

264 2071 380 2111 soonam
402 2049 516 2110 venit“.
1192 2035 1193 2038 ¹

351 2153 436 2226 Quod
458 2155 483 2212 si
503 2153 637 2229 integros
658 2153 801 2229 prologos
829 2153 993 2229 posteriore
1020 2158 1157 2232 tempore
1179 2154 1217 2212 ab
1239 2154 1399 2212 histrioni·

263 2257 319 2315 bus
348 2255 466 2324 additos
494 2273 556 2314 esse
583 2260 715 2328 constat,
745 2255 812 2331 quis
840 2257 982 2328 miretur,
1012 2258 1037 2314 si
1059 2258 1151 2314 etiam
1173 2275 1238 2330 eos,
1262 2276 1341 2333 qnos
1363 2277 1398 2314 re

263 2378 335 2416 vera
366 2357 490 2416 Plautus
523 2359 703 2435 reliquerat,
743 2359 834 2417 iidem
866 2357 1026 2418 histriones
1058 2360 1145 2418 novis
1178 2358 1398 2418 additamentis

264 2457 533 2537 interpolaverint?
567 2461 669 2538 qualia
701 2462 731 2518 in
759 2460 948 2535 Mercator-is,
982 2462 1015 2519 in
1042 2461 1229 2536 Truculenti,
1264 2464 1296 2521 in
1326 2463 1395 2521 Tri·

264 2565 377 2620 nummi
398 2563 532 2640 prologis
552 2582 648 2641 prope
670 2563 826 2624 manifesto
849 2563 1072 2642 deprehendere
1093 2564 1172 2624 licet.

809 2951 851 3030 V.

584 3207 589 3214 ,
700 3121 751 3198 Dc
779 3121 962 3199 actibus.

350 3384 479 3446 Scenica
507 3387 698 3462 antiquomm
725 3385 833 3444 fabula
859 3386 910 3444 vix
931 3404 1073 3462 umquam
1096 3385 1159 3443 sine
1181 3386 1299 3443 musica
1320 3390 1392 3444 acte

264 3494 344 3564 sunt,
368 3489 422 3548 sed
443 3489 517 3549 alias
540 3489 600 3548 alia
620 3487 778 3547 modorum
801 3493 833 3546 et
855 3493 959 3547 cantus
981 3489 1059 3546 ratio
1088 3487 1156 3546 fuit.
1201 3485 1279 3546 Nam
1302 3508 1392 3567 quum

264 3592 302 3652 ab
334 3594 549 3670 antiquissimis
581 3590 767 3670 temporibus
800 3591 904 3648 chori
937 3591 969 3648 in
998 3589 1124 3649 deorum
1152 3589 1298 3649 honorem
1326 3611 1391 3650 cum

263 3697 423 3756 saltatione
445 3699 629 3768 cantassent,
652 3699 760 3772 postea
780 3693 893 3752 iactum
915 3698 974 3768 est,
997 3698 1033 3752 ut
1053 3695 1133 3752 inter
1154 3693 1239 3752 chori
1261 3696 1392 3753 carmina

263 3799 401 3876 prodiret
421 3799 530 3858 histrio
552 3797 682 3857 fabulam
704 3817 803 3874 mens,
823 3796 992 3873 sensimque
1010 3795 1098 3855 encto
1116 3801 1251 3854 actorum
1266 3817 1390 3856 numero

263 3901 309 3958 ita
336 3903 429 3960 crevit
455 3899 601 3978 tragoedia
624 3905 654 3958 et
676 3899 832 3973 comoedis,
855 3903 970 3959 utnon
992 3905 1109 3960 actores
1129 3899 1289 3958 intervalla
1311 3900 1391 3959 chori

264 4002 319 4061 sed
340 4001 446 4060 chorus
474 4007 594 4061 actuum
621 4002 781 4061 intervalla
810 4003 957 4080 expleret,
987 4008 1018 4061 et
1045 4004 1097 4080 qui
1125 4003 1162 4061 ab
1185 4003 1272 4060 initio
1295 4004 1391 4062 omnia

264 4105 483 4181 occupavisset,
517 4105 615 4163 minor
647 4105 755 4164 fabula
787 4125 858 4183 pars
890 4103 985 4166 fieret.
1029 4105 1077 4164 Ab
1103 4103 1258 4183 Euripidis
1292 4111 1389 4165 autem

264 4212 295 4265 et
315 4206 480 4284 Agathonis
507 4211 644 4284 tempore
671 4207 822 4266 interdum
849 4208 933 4266 chori
961 4209 1092 4267 carmina
1119 4212 1182 4266 tam
1204 4207 1273 4266 laxo
1302 4213 1389 4286 atque

264 4309 339 4368 adeo
366 4309 449 4368 nullo
477 4309 595 4368 vinculo
624 4329 690 4368 cum
718 4315 894 4387 argumento
922 4310 1032 4370 fabula
1054 4312 1212 4370 coniuncte
1234 4317 1334 4384 erant,
1356 4315 1387 4368 ut

263 4430 302 4468 ne
322 4429 395 4489 pars
417 4411 537 4487 quidem
560 4412 668 4470 iabuloe
690 4411 872 4486 viderentur,
889 4412 944 4472 sed
958 4412 1196 4472 additamentum
1216 4415 1269 4472 vix
1291 4433 1386 4472 neees-
