2968 5030
589 473 784 530 titt-⁶48-
1191 483 1254 546 403

123 667 277 746 Quumque
311 670 402 730 etiam
430 671 600 749 proximum
632 667 708 748 Qui,
737 690 755 729 a
782 689 841 750 quo
868 691 895 728 v.
922 671 982 730 543
1011 671 1133 749 incipit,
1162 672 1254 732 verbo

121 776 252 844 careret,
287 772 416 831 alterum
448 791 566 832 versum
600 773 746 833 excidisse
774 771 919 852 putabam
947 777 1017 853 post
1043 793 1071 832 v.
1098 775 1157 834 546
1194 770 1255 849 (vel
1299 763 1303 772 ¹

120 874 238 952 potius,
273 876 415 954 quoniam
447 875 495 934 bic
530 877 649 955 spurina
681 875 817 950 videtur,
850 880 920 954 post
950 871 1024 950 545)
1054 876 1146 936 talem
1174 878 1252 936 fere:

123 975 274 1049 „Obieotis
303 979 441 1038 stetimus
470 978 593 1038 fortiter
615 979 802 1058 scapulisque
832 975 1058 1055 cruribusque“.
1103 977 1190 1039 Nunc
1219 1000 1254 1040 eo

119 1081 214 1158 magis
243 1079 371 1153 inclino,
398 1086 432 1139 ut
461 1099 525 1141 cum
555 1079 776 1158 antiquioribus
806 1079 971 1140 editoribus
998 1102 1027 1139 v.
1055 1075 1117 1158 Qui
1138 1081 1253 1156 tollam,

120 1201 178 1260 quo
202 1182 282 1242 lacto
304 1183 388 1241 locus
411 1185 512 1241 sanari
535 1188 645 1261 potest,
664 1184 689 1242 si
706 1203 761 1259 pro
779 1179 925 1243 admotos
942 1183 1083 1243 scribitur
1099 1181 1252 1244 stetimus

119 1315 162 1326 —-
181 1283 405 1344 Enumerantur
423 1287 508 1344 varia
523 1290 684 1346 tormenta.
712 1280 899 1347 Lamminas
915 1285 1076 1345 candentes
1092 1288 1172 1346 inter
1188 1307 1255 1346 cru·

119 1389 213 1446 clatus
237 1393 470 1447 commemorant
492 1387 611 1448 Lucret.
629 1388 683 1462 III,
705 1390 806 1464 101⁷,
821 1387 934 1448 Cicero.
952 1388 1038 1448 Verr.
1056 1387 1091 1462 V,
1111 1390 1160 1463 63,
1183 1391 1251 1448 163.

118 1489 223 1548 Horat.
247 1487 304 1566 Ep.
328 1491 355 1564 I,
384 1493 437 1564 15,
463 1492 512 1549 36.
537 1491 599 1550 alii.
644 1488 765 1568 Duplici
787 1505 819 1549 m
840 1489 1016 1550 vocabulum
1040 1490 1184 1550 scribitur
1205 1490 1254 1549 hio

118 1591 149 1649 in
172 1591 238 1651 cod.
262 1589 301 1664 B,
331 1592 412 1669 apud
433 1591 608 1652 Lucretium
638 1594 786 1671 aliosque,
817 1592 877 1650 vid.
902 1593 1075 1652 Lachmann
1104 1592 1141 1651 ed
1163 1592 1252 1652 Lucr.

117 1715 147 1772 p.
167 1695 241 1754 205.
257 1724 301 1734 —
320 1695 391 1753 544.
415 1688 591 1767 ,Nervuw
614 1698 657 1755 ait
672 1695 780 1754 Festus
799 1715 829 1772 p.
852 1696 910 1752 165
938 1694 1142 1773 „appellamus
1164 1697 1253 1756 etiam

117 1798 249 1855 ferreum
283 1795 447 1870 vinculum,
483 1819 542 1876 quo
577 1798 670 1876 pedes
703 1796 914 1875 inpediuntur,
949 1817 1127 1875 quamquam
1162 1799 1252 1856 Plau·

116 1906 165 1959 tus
189 1919 226 1958 eo
249 1900 339 1958 etiam
362 1901 490 1959 cervices
512 1902 619 1959 vinciri
641 1898 715 1974 ait“,
740 1905 796 1959 cet.
839 1899 894 1958 Cui
917 1899 953 1958 de
976 1902 1103 1958 materia
1126 1921 1185 1959 uon
1208 1907 1253 1960 est

117 2001 200 2080 quod
224 2001 455 2080 adstipulemur,
479 2023 506 2062 v.
530 2003 649 2062 Curcul.
674 2004 749 2062 685:
784 2006 831 2075 „te
855 2021 947 2060 neruo
969 2002 1118 2081 torquebo
1147 2003 1252 2064 itidem

117 2111 150 2163 ut
179 2104 340 2181 catapultae
369 2102 497 2163 solent“.
522 2135 564 2146 -·
590 2099 776 2180 „Numella“
804 2106 847 2162 ait
869 2104 976 2162 Festus
998 2126 1027 2182 p.
1056 2107 1113 2162 173
1142 2123 1252 2182 „genus

118 2207 243 2280 vinculi,
268 2226 327 2284 quo
350 2207 560 2286 quadrupedes
582 2207 768 2286 deligantnr3
796 2207 874 2266 solet
895 2211 993 2265 autem
1017 2227 1052 2264 ea
1073 2204 1138 2264 lieri
1161 2225 1252 2266 nervo

116 2315 170 2369 ant
192 2311 274 2368 corio
297 2307 389 2367 crudo
415 2307 530 2384 bovis“‚
563 2315 593 2368 et
618 2311 679 2370 tale
708 2314 958 2369 commemoratur
984 2307 1064 2386 apud
1086 2308 1252 2368 Varronem

116 2417 146 2469 et
171 2411 376 2470 Columellam.
417 2412 537 2472 Minore
559 2410 617 2471 fide
641 2411 749 2488 dignus
771 2417 817 2471 est
838 2411 964 2485 Nonius,
988 2432 1017 2488 p.
1046 2413 1114 2486 144,
1138 2413 1186 2470 oui
1208 2418 1253 2472 est

118 2513 286 2590 „machinae
314 2531 421 2589 genus,
452 2533 512 2590 quo
541 2519 571 2572 et
600 2515 710 2574 collum
738 2520 768 2573 et
796 2515 888 2591 pedes
915 2511 1109 2572 immittunt“.
1154 2513 1253 2573 Affert

115 2617 198 2675 hunc
220 2635 338 2674 versum
362 2631 516 2676 carcerem
539 2616 679 2690 scribens,
703 2617 785 2694 quod
808 2619 908 2695 aptius
931 2637 1003 2675 sane
1025 2616 1146 2676 videtur
1164 2637 1253 2694 quam

116 2717 200 2796 quod
229 2719 318 2796 vulgo
350 2718 443 2778 edunt
478 2717 661 2794 „carceres“,
696 2721 742 2780 cui
775 2719 961 2798 praetulerim
995 2720 1072 2792 fere,
1109 2720 1189 2797 quod
1222 2722 1253 2779 iu

116 2821 183 2880 cod.
202 2819 228 2878 B
251 2825 303 2893 eat,
332 2819 508 2894 ,carceris“,
525 2823 664 2900 genetivo
682 2822 850 2900 siufflrlaris.
868 2851 911 2862 -·-
933 2817 1084 2896 ,Boiae“,
1110 2827 1153 2883 ait
1168 2822 1251 2901 Fpit.

116 2923 202 2982 Festi
225 2942 254 3000 p.
280 2924 334 2981 35:
370 2925 406 2996 ,i.
430 2943 454 2981 e.
479 2944 572 3002 genus
594 2925 796 2999 vinculorum,
824 2929 885 2984 tam
909 2925 1015 3000 lignea
1039 2946 1127 3004 quam
1149 2926 1253 2986 ferreae

117 3021 289 3083 dicuutur“.
314 3025 350 3082 cf.
370 3023 456 3103 Capi.
476 3027 547 3086 880.
566 3058 608 3066 -
632 3030 702 3086 545.
727 3022 908 3088 Indoclores
930 3027 1004 3085 nibil
1027 3033 1081 3085 est.
1117 3029 1253 3106 Apparet

117 3125 280 3206 significari
303 3127 428 3186 lorarios
451 3127 663 3208 carnificesque
687 3130 724 3188 ad
746 3130 929 3207 puniendum
955 3149 1046 3188 acres.
1091 3129 1252 3188 Camerarii

116 3230 282 3288 hariolatio
309 3229 522 3302 „incloctores“
548 3232 730 3292 refutatione
749 3252 807 3290 non
830 3238 910 3311 eget;
936 3231 1104 3292 Gronovius
1130 3231 1251 3304 „induc-

116 3329 219 3393 tores“
245 3331 374 3410 scripsit,
399 3331 480 3409 quod
497 3353 585 3393 nemo
603 3333 760 3411 intelliget,
779 3336 838 3394 nisi
855 3335 933 3393 forte
950 3335 1028 3394 lecta
1046 3335 1250 3394 enarratione:

122 3435 178 3510 ,ab
200 3435 276 3507 illis,
301 3436 352 3512 qui
374 3435 501 3494 tectorio
523 3437 671 3513 parietem
699 3435 860 3510 inducunt;
884 3437 926 3495 sic
949 3437 1027 3496 enim
1048 3435 1144 3495 livore
1168 3437 1252 3496 caesis

116 3538 317 3598 inducebatur
349 3535 497 3615 tergum“,
533 3538 599 3597 coll.
628 3537 705 3597 Rud.
733 3540 831 3599 1000:
870 3539 957 3612 „Fiet
989 3538 1045 3597 tibi
1074 3539 1252 3614 poeniceum

118 3643 247 3713 corium,
271 3645 377 3718 postea
401 3644 499 3700 atrum
524 3637 653 3700 denuo“.
698 3640 826 3699 Videtur
851 3640 941 3700 fuisse
963 3637 1156 3716 inpactores,
1180 3641 1200 3698 i.
1226 3661 1251 3699 e.

118 3745 170 3821 qui
194 3741 349 3820 compedes
372 3743 547 3821 inpingunt,
576 3749 611 3804 ut
633 3749 679 3802 est
701 3743 785 3822 Capt.
811 3745 882 3802 727.
917 3743 998 3802 Pers.
1024 3744 1099 3816 572,
1125 3749 1177 3801 aut
1200 3745 1251 3820 qui

117 3847 229 3904 fustem
256 3845 441 3923 Impiuguut,
468 3851 503 3904 ut
526 3848 571 3904 eil
593 3845 702 3906 Coelius
728 3845 766 3905 ad
789 3845 883 3906 Cicer.
906 3845 962 3924 Ep.
986 3845 1073 3919 VIII,
1099 3848 1131 3920 8,
1157 3847 1185 3905 9.
1208 3875 1253 3886 --

115 3963 237 4026 parares
258 3945 362 4007 acciri
385 3945 472 4026 terei,
496 3949 548 4025 qui
571 3969 626 4009 nos
649 3969 728 4029 soepe
750 3948 995 4009 verberaverunt.
1019 3979 1062 3989 -
1087 3947 1251 4007 544161-

116 4071 182 4111 sum
205 4050 336 4110 numeris
360 4049 536 4111 destitutum
552 4071 607 4130 pro
624 4053 893 4131 interpretamento
912 4050 1100 4110 antecedenti
1118 4049 1250 4128 adscrip-

115 4160 180 4212 tum
203 4153 311 4213 habuit
327 4153 467 4228 Bothius,
490 4154 577 4233 prob.
594 4153 640 4213 Fl.
661 4183 699 4194 -
722 4155 792 4214 548.
816 4145 858 4215 Ui
875 4149 1047 4232 propriando
1054 4199 1062 4228 ,
1087 4153 1122 4212 cf.
1139 4152 1248 4230 Amph.

116 4258 191 4318 410.
224 4253 409 4331 IIeclrciseu,
434 4259 486 4335 qui
508 4259 539 4316 in
562 4256 694 4316 editione
711 4256 845 4316 ordinem
862 4255 1022 4315 verborum
1040 4256 1174 4328 invertit,
1193 4254 1251 4314 hoc

116 4361 181 4438 ipsc
205 4363 311 4437 postea
332 4357 524 4437 improbavit,
547 4361 625 4420 Anu.
649 4360 722 4439 phil.
746 4357 841 4433 CVII,
864 4377 894 4436 p.
920 4359 991 4418 502.
1014 4387 1058 4398 -
1078 4353 1174 4436 stipae
1195 4375 1251 4435 pro

992 4471 1043 4526 2⁶*
