2976 5056
752 481 888 536 Asinaria.

383 673 517 752 Exsurge
539 695 658 754 praeco,
681 675 728 735 iac
750 675 863 754 populo
886 673 1085 746 audientiam

383 778 447 836 lam
470 777 582 836 dudum
605 783 739 856 expecto,
764 779 896 836 situum
918 762 1047 836 officium
1071 779 1161 850 scias3

382 879 496 940 Exerce
518 899 630 953 uocem,
654 899 743 957 quam
766 899 821 958 per
843 880 922 940 uinis
943 885 975 938 et
997 879 1086 952 colis,

383 983 459 1042 Nam
482 983 540 1041 nisi
563 981 715 1054 clamabis,
740 982 863 1041 tacitum
885 987 916 1040 te
939 979 1066 1058 obrepet
1088 981 1192 1040 fames.
1216 1011 1262 1022 -

383 1085 446 1163 Age
468 1103 546 1142 nunc
569 1084 677 1157 reside,
701 1083 850 1162 duplicem
872 1089 907 1143 ut
928 1081 1093 1142 mercedem
1117 1084 1206 1143 feras.

255 1187 313 1250 Sed
330 1187 445 1247 Poenuli
464 1186 547 1245 locus
569 1187 688 1264 plenior
711 1191 755 1244 est
778 1187 936 1262 minusque
958 1185 1110 1256 obscurus,
1134 1185 1183 1244 hic
1206 1185 1297 1263 quasi
1320 1189 1390 1244 uota

253 1294 370 1368 paratis
393 1287 514 1348 curibus
537 1287 656 1348 indicat.
697 1288 836 1347 Ceterum
858 1305 1029 1364 praeconum
1051 1307 1154 1368 genus,
1179 1287 1264 1366 quod
1289 1305 1389 1346 vocem

255 1395 286 1450 in
308 1397 453 1469 quaestum
477 1391 655 1465 contulerat,
680 1391 799 1450 omnino
828 1395 960 1467 questus
988 1389 1191 1450 avidissimum
1221 1390 1316 1449 fuisse
1344 1388 1390 1445 vel

254 1515 290 1552 ex
305 1493 457 1552 Ciceronis
480 1513 522 1552 or.
546 1514 575 1570 p.
595 1491 734 1565 Quinctio
757 1513 782 1550 c.
803 1494 819 1550 3
843 1497 957 1550 notam.
978 1521 1015 1530 -
1033 1489 1148 1568 pratits
1170 1511 1276 1551 versus
1302 1511 1390 1550 causa

255 1597 421 1656 necessario
444 1594 642 1668 scribendum,
666 1595 702 1654 ci.
727 1593 845 1669 Proleg.
869 1614 898 1671 p.
924 1596 995 1652 212.
1181 1584 1184 1588 ’

341 1699 369 1756 6.
393 1699 428 1758 ul
449 1694 582 1757 sciretis,
616 1696 747 1774 Tempus
765 1695 899 1755 ostendit
916 1695 978 1755 haec
996 1716 1062 1756 cum
1079 1696 1268 1764 antecedenti
1287 1689 1389 1754 dicam

253 1821 314 1859 non
336 1820 399 1860 esse
423 1799 644 1875 coniungenda,
669 1798 789 1857 auditur
811 1794 989 1874 ,processi“.
1024 1794 1121 1874 Vulgo
1139 1793 1284 1876 prologus
1302 1817 1388 1873 argu·

255 1903 348 1962 menti
377 1901 544 1980 exponendi
574 1921 663 1960 eausa
691 1900 810 1979 prodit,
833 1900 895 1972 hic,
920 1903 991 1977 quia
1013 1891 1221 1977 argumentum
1245 1901 1338 1959 breve
1360 1903 1388 1955 et

254 2005 380 2081 simplex
403 2009 461 2077 est,
486 2003 560 2062 nihil
584 2003 666 2062 aliud
690 2021 780 2081 quam
809 2021 916 2060 nomen
938 2001 1046 2060 tabula
1068 1993 1241 2078 prolaturus
1265 2007 1322 2062 est.
1348 2030 1388 2038 -

255 2109 282 2164 9.
307 2105 394 2165 Hunc
421 2125 538 2164 versum
562 2105 731 2182 Geppertus
758 2105 892 2181 spurium
915 2103 1074 2176 indicavit,
1098 2105 1185 2180 quasi
1207 2104 1283 2162 nihil
1306 2101 1388 2161 aliud

254 2209 295 2267 sit
322 2229 411 2285 quam
439 2208 622 2286 periphrasis
650 2227 754 2266 versus
784 2208 812 2263 6.
858 2205 916 2264 Sed
948 2207 1068 2282 prologi
1096 2205 1242 2265 Plautinis
1276 2203 1387 2264 fabulis

255 2311 352 2369 additi
375 2311 521 2370 eiusmodi
545 2309 772 2388 repetitionibus
795 2313 825 2366 et
849 2309 969 2367 omnino
992 2309 1084 2366 nimia
1113 2307 1299 2370 verbositate
1328 2325 1386 2364 non

179 2423 181 2428 ’
253 2433 322 2472 raro
345 2411 492 2470 laborent.
511 2443 553 2452 -
574 2415 621 2470 10.
640 2405 764 2472 Dicam.
799 2409 830 2470 Si
854 2428 957 2468 versus
981 2416 1062 2470 recte
1083 2410 1215 2468 traditus
1238 2415 1293 2483 est,
1317 2412 1385 2486 post
1473 2451 1474 2459 ,

253 2515 282 2573 h.
305 2521 336 2572 vi
358 2515 458 2576 hiatus
488 2519 541 2572 est.
587 2513 674 2572 Hunc
704 2515 755 2573 alii
784 2515 1024 2590 interpunctione
1054 2513 1265 2584 defenderunt3
1295 2509 1383 2570 Both.

256 2615 378 2689 ,Huiic“
406 2619 535 2693 scripsit,
559 2615 604 2674 Fl.
629 2616 722 2674 rerba
743 2616 944 2692 transposuit:
973 2615 1059 2687 „huic
1081 2621 1126 2672 est
1150 2635 1259 2673 nomen
1271 2611 1384 2672 Graece

253 2717 386 2795 Ouago“.
409 2747 444 2758 -
469 2712 608 2796 Onaptas,
626 2715 782 2795 quodiam
801 2701 934 2776 editores
952 2718 1069 2794 antiqui
1093 2709 1261 2790 ediderunt,
1286 2716 1382 2792 deeris

253 2843 275 2879 s.
301 2820 407 2896 ὀνηγός,
430 2827 484 2893 est,
510 2823 561 2898 qui
580 2822 676 2879 asinos
694 2821 764 2896 agit,
790 2821 936 2878 asinarius
959 2824 1116 2877 mercator.
1135 2849 1178 2858 -
1201 2823 1248 2878 11.
1268 2813 1382 2880 Demo·

246 2917 358 2998 philus
391 2927 480 2999 poete
513 2943 605 2998 quum
640 2921 713 2981 alibi
747 2941 807 2979 non
835 2927 1094 2995 commemoretur,
1123 2921 1263 2979 Meinelre
1293 2915 1381 2995 (Hist.

254 3025 320 3083 crit.
335 3023 520 3083 Comioorum
538 3023 630 3083 Grae.
655 3045 684 3101 p.
706 3021 791 3097 491),
815 3021 920 3082 media
944 3043 982 3080 an
1006 3024 1138 3100 autiqute
1161 3022 1310 3082 comoedias
1333 3021 1381 3080 ad·

253 3126 451 3186 numerandus
475 3129 522 3198 sit,
547 3125 674 3184 dubitat.
720 3125 796 3184 Mihi
820 3125 941 3202 quidem
964 3125 1026 3183 hoec
1049 3125 1158 3196 fabula,
1183 3127 1209 3183 ei
1231 3126 1295 3184 ulla
1317 3125 1380 3193 alia,

254 3229 293 3288 ad
315 3249 421 3286 novam
446 3227 617 3286 comoediam
636 3229 787 3306 pertinere
806 3227 934 3292 ridetur.
969 3227 1087 3285 Invenit
1106 3230 1196 3285 etiam
1209 3225 1380 3286 Fleckeisen

254 3328 373 3404 (Annei,
397 3331 470 3408 phil.
490 3329 607 3402 XCVII,
631 3349 660 3406 p.
686 3327 762 3402 213)
785 3329 912 3406 vestigia
934 3331 1065 3388 nominis
1087 3331 1118 3386 in
1141 3329 1231 3388 titulo
1255 3328 1381 3407 quodam

253 3431 393 3491 Piraeensi
417 3429 526 3506 (Ἐφημ.
550 3431 671 3508 &placet
691 3451 720 3488 n.
734 3431 806 3488 732.
830 3430 934 3504 Meter,
952 3429 1114 3489 Commeat.
1134 3431 1328 3509 epigraphice
1344 3428 1379 3500 ll,

252 3555 281 3591 n.
296 3531 360 3608 67),
383 3535 435 3592 ubi
457 3535 535 3592 inter
558 3533 617 3592 elia
639 3533 759 3592 nomina
782 3536 834 3590 eut
856 3532 963 3590 mutila
987 3535 1157 3591 autminus
1174 3537 1248 3593 nota
1267 3551 1380 3592 enume-

253 3641 358 3694 rentur
381 3635 537 3706 Timocles,
561 3633 734 3707 Menander,
753 3633 897 3707 Philemo,
915 3633 1128 3712 Apollodorus,
1146 3633 1297 3712 Diphilus,
1314 3635 1379 3694 Phi·

253 3736 398 3814 lippides,
422 3737 626 3810 Nicostratus,
651 3735 811 3806 chiliades,
835 3737 889 3812 qui
912 3755 1015 3796 omnes
1038 3755 1122 3796 novae
1145 3738 1294 3796 comoedia
1317 3755 1379 3796 auc-

252 3843 334 3897 tores
368 3845 446 3897 eunt.
501 3837 546 3897 Ex
579 3839 677 3914 primo
713 3843 811 3896 eutem
845 3839 975 3912 catalogi
1008 3832 1126 3898 nemine
1159 3839 1221 3898 hese
1255 3843 1378 3902 restent:

253 3947 475 4008 Ar....102,
497 3943 516 3998 i.
542 3961 567 3998 e.
591 3943 753 4015 Δημόφιλος·
1173 3931 1175 3936 ¹

339 4042 477 4102 Ceterum
505 4043 552 4100 hie
579 4043 663 4102 locus
688 4061 845 4120 expressus
867 4042 988 4101 ridetur
1010 4063 1046 4100 ex
1067 4042 1236 4102 Trinummi
1259 4044 1379 4120 prologo

253 4166 280 4204 v.
308 4147 448 4204 18-21:

408 4247 484 4305 Huic
508 4245 620 4304 Graece
644 4267 752 4305 nomen
775 4251 820 4304 est
842 4245 1016 4306 Thensauro
1038 4237 1171 4318 sabulae3

408 4349 543 4406 Philemo
567 4351 703 4425 scripsit,
727 4347 852 4406 Plautus
873 4349 969 4406 uortit
990 4349 1130 4422 barbere3
