2956 5018
222 493 283 556 148
678 485 889 557 Pffl¹08⁰m011²

219 687 334 755 autem,
361 685 397 740 ut
417 679 541 755 fabula,
570 699 645 758 quas
673 683 770 740 acturi
797 685 896 757 erant,
925 681 1039 761 populo
1066 681 1237 762 placerent,
1262 702 1370 760 quam

219 782 460 862 splendidissimo
481 783 601 842 nomine
623 802 674 842 sas
695 803 804 843 ornare
826 783 975 844 solebant.

304 884 412 963 Itaque
432 887 492 944 riri
512 884 684 944 litterarum
710 885 852 958 studiosi,
876 884 911 945 L.
934 886 1034 946 AElius
1056 885 1148 960 Stilo,
1171 886 1207 946 L.
1230 885 1366 960 Accius,

219 986 375 1047 Volcatius
407 985 574 1066 Sedigitas,
608 985 765 1062 Claudius,
798 988 955 1062 Aurelius,
988 987 1146 1062 Manilius,
1185 989 1239 1048 alii
1274 989 1369 1048 alios

218 1089 332 1148 indices
355 1093 584 1169 composuerant
599 1089 807 1150 Plautinamm
828 1089 1006 1150 fabularum.
1040 1090 1076 1151 L.
1093 1091 1194 1150 AElius
1216 1092 1368 1170 quinquo

220 1199 251 1253 et
271 1194 381 1272 viginti
403 1195 467 1252 eius
489 1212 554 1252 esse
576 1192 654 1251 solas
676 1191 867 1250 existimabat
891 1189 980 1267 (Geli.
1002 1193 1024 1253 l.
1046 1193 1067 1251 l.
1091 1187 1108 1268 5
1133 1189 1197 1266 12).
1241 1193 1368 1252 Accius

220 1301 252 1356 et
273 1297 347 1356 alias
372 1294 482 1354 multas
509 1294 639 1368 fabulas,
670 1313 735 1372 quse
757 1294 866 1354 Plauto
895 1294 1155 1368 adscribebantur,
1179 1294 1216 1354 ab
1238 1316 1274 1355 eo
1297 1295 1365 1354 ab·

219 1396 374 1457 iudicabat
405 1401 437 1456 et
464 1396 626 1471 Bcaotiam,
661 1415 755 1474 saque
788 1397 888 1456 nescio
921 1417 960 1456 an
993 1397 1045 1456 illo
1079 1401 1201 1456 auctore
1234 1397 1366 1475 Aquilii

221 1518 287 1558 esse
309 1498 480 1574 dicebatur3
503 1498 556 1558 sed
577 1499 620 1558 M.
643 1497 739 1558 Varro
762 1517 822 1558 non
844 1498 1018 1574 dubitabat,
1042 1501 1117 1578 quin
1135 1498 1238 1558 Plauti
1259 1504 1362 1572 esset,

221 1599 409 1680 Gelliumque
436 1602 569 1661 studiose
596 1599 832 1678 adstipulantem
858 1602 966 1662 babuit
997 1597 1027 1677 (5
1050 1598 1095 1676 4).
1139 1601 1182 1661 Μ.
1205 1601 1363 1660 Varronis

221 1705 351 1762 maxima
376 1703 408 1762 in
434 1703 491 1762 bac
516 1723 550 1762 re
578 1687 740 1762 auctoritas
767 1703 840 1777 suit3
869 1703 922 1782 qui
949 1709 985 1762 ut
1011 1705 1062 1764 ria
1087 1709 1119 1763 et
1140 1705 1256 1763 ratione
1277 1723 1362 1781 pro·

220 1805 354 1879 cederat,
377 1807 508 1884 primum
533 1803 667 1879 ,fabulas
693 1823 783 1864 unam
805 1809 837 1864 et
856 1803 996 1882 viginti“,
1018 1807 1118 1865 nteit
1140 1803 1256 1864 Gellius
1278 1800 1295 1878 ᾗ
1323 1807 1359 1878 3,

224 1929 261 1981 ,a
282 1909 389 1967 oetcfis
411 1907 590 1982 segregavit,
613 1906 753 1983 quoniam
775 1905 907 1966 dubiosa
929 1926 988 1966 non
1011 1912 1106 1982 erant,
1129 1907 1184 1966 sed
1205 1925 1360 1966 consensu

220 2011 351 2070 omnium
373 2009 474 2068 Plauti
501 2027 566 2067 esso
588 2004 819 2081 causabantur“;
843 2009 951 2068 deinde
977 2009 1139 2088 ,quasdam
1161 2010 1253 2068 etiam
1275 2008 1359 2068 alias

219 2111 362 2190 probavit
382 2109 529 2170 adductus
550 2107 602 2169 iilo
625 2113 717 2186 atque
737 2110 845 2169 seneffia
865 2113 1009 2171 sermonis
1019 2111 1130 2171 Plauto
1149 2111 1355 2188 congruentis,

220 2233 331 2291 easque
362 2214 422 2272 iem
453 2210 624 2271 nominibus
656 2212 784 2270 aliorum
817 2220 976 2292 occupatas
1008 2214 1118 2273 Plauto
1150 2209 1354 2272 vindicavit“.

220 2315 333 2375 Earum
359 2335 450 2373 unam
477 2313 621 2373 Boeotiam
644 2311 759 2373 Gellius
786 2317 935 2390 nominat,
965 2319 1079 2375 ceteras
1104 2316 1290 2390 ignoremus,
1320 2318 1357 2373 ot
1473 2383 1474 2390 ἵ

222 2419 274 2496 qui
296 2437 333 2476 er
355 2416 426 2476 solis
448 2416 620 2476 nominibus
641 2415 810 2475 fabularum
832 2437 882 2476 aas
903 2419 1039 2477 inuenire
1061 2421 1185 2476 conatus
1208 2421 1262 2489 est,
1283 2414 1354 2476 Rit-
1473 2433 1474 2440 ’

221 2518 351 2578 schelius
385 2515 519 2594 (Parerg.
547 2517 677 2576 Plautin.
706 2518 827 2578 Terent.
856 2541 886 2598 p.
911 2522 949 2579 73
979 2515 1076 2598 sqq.),
1109 2517 1195 2577 nobis
1229 2517 1354 2596 quidem

222 2621 320 2680 oleum
347 2626 378 2680 et
406 2639 527 2698 operam
548 2619 715 2697 perdidisse
736 2621 865 2681 videtur.
909 2621 971 2680 Nan
993 2640 1083 2699 quam
1103 2625 1220 2680 rectum
1241 2621 1274 2678 in
1294 2619 1354 2680 bac

222 2743 256 2781 re
276 2721 420 2782 Varronis
446 2721 590 2781 iudicium
616 2715 723 2796 fuerit,
757 2743 813 2783 nos
846 2723 980 2783 iudicare
1012 2741 1185 2803 possumus,
1217 2723 1270 2800 qui
1296 2741 1354 2782 nec

221 2823 289 2882 illas
311 2823 428 2883 fabulas
449 2843 505 2883 noo
526 2824 669 2884 Varronis
697 2827 830 2903 quinque
857 2826 952 2885 libros
974 2825 1179 2898 Qnaestionum
1199 2823 1353 2882 Plautina-

221 2945 289 2984 rnm
309 2925 463 2985 habemus.
496 2925 575 2985 Illud
594 2933 729 3006 apparet,
750 2928 885 3003 quamvis
905 2926 1102 3004 probaverint
1123 2927 1186 2985 eius
1207 2924 1353 2984 iudicium

221 3029 419 3109 posteriores,
452 3032 554 3088 tamon
587 3049 623 3088 eo
655 3029 719 3088 solo
752 3032 909 3088 contentos
947 3048 1009 3088 nou
1041 3028 1133 3087 fuisse
1165 3026 1215 3086 vel
1248 3028 1352 3105 potius

222 3131 326 3190 eadam
346 3129 493 3189 modestia
513 3149 583 3189 usos
605 3149 682 3203 esse3
711 3151 781 3189 nam
810 3148 876 3208 quae
904 3135 1010 3206 postea
1031 3129 1087 3189 sub
1107 3129 1211 3188 Plauti
1231 3129 1353 3188 nomine

221 3231 395 3291 ferebantur
421 3232 530 3291 fabula
560 3236 590 3291 et
616 3234 664 3291 vel
691 3252 710 3290 a
736 3232 878 3291 studiosis
905 3231 1075 3290 litterarum
1099 3229 1277 3309 legebantur
1304 3232 1353 3290 rel

223 3335 327 3407 etiam,
351 3333 519 3413 siquando
540 3339 675 3392 veterem
704 3334 875 3394 comoediam
901 3334 992 3392 mimo
1020 3333 1163 3409 proferre
1184 3332 1350 3409 placuerat,

221 3438 254 3495 in
278 3455 366 3495 scena
387 3436 566 3514 agebantur,
595 3435 867 3510 maceranum,
892 3455 966 3514 quas
990 3434 1100 3508 Varro,
1124 3435 1195 3512 quia
1220 3436 1353 3492 omnium
1472 3431 1473 3436 ’

221 3557 367 3597 consensu
399 3536 615 3614 probarentur,
648 3543 872 3612 segregaverat,
912 3556 1013 3616 eaque
1045 3539 1078 3595 in
1111 3538 1174 3596 aius
1206 3536 1352 3622 bonorem

222 3640 466 3700 Varroniano
488 3639 644 3718 appellata
666 3643 744 3697 sunt.
777 3635 903 3696 'Harum
925 3659 1033 3718 corpus
1056 3639 1190 3717 quamvis
1212 3638 1353 3697 mutilum

223 3743 261 3802 ad
288 3764 344 3803 nos
371 3743 508 3820 pervenit
535 3739 645 3798 fabulis
667 3738 706 3797 ad
726 3738 896 3798 litterarum
922 3742 1058 3800 ordinem
1080 3741 1234 3800 ordinatis.
1279 3739 1351 3799 Fuit

222 3849 322 3902 autem
355 3847 386 3901 in
419 3849 586 3902 ceterorum
619 3841 753 3900 codicum
785 3840 947 3918 archetypo
978 3842 1028 3901 bio
1061 3842 1150 3915 ordo,
1180 3862 1269 3921 quem
1296 3861 1350 3902 nos

223 3963 343 4022 quoque
371 3946 403 4002 in
430 3942 547 4002 edendo
575 3961 747 4020 sequemur:
781 3942 974 4020 Amphitryo,
1004 3943 1157 4017 Asinaria,
1186 3945 1348 4018 Aulularia,

222 4044 398 4119 Bacchides,
422 4044 556 4122 Captivi,
579 4045 732 4118 Curculio,
757 4045 878 4120 Casina,
901 4045 1085 4119 Cistellaria,
1107 4044 1261 4122 Epidicus,
1284 4045 1348 4104 llo·

223 4148 370 4220 stellaria,
394 4147 585 4222 Mcnaechmi,
608 4147 697 4206 Miles
719 4147 882 4224 gloriosus,
905 4146 1064 4220 Mercator,
1087 4145 1263 4220 Pseudolus,
1286 4146 1348 4206 1>oe-

223 4249 326 4323 uulus,
350 4249 456 4323 Persa,
480 4249 613 4325 Rudens,
637 4249 770 4322 Stichus,
793 4248 996 4322 Trinummus,
1020 4248 1234 4320 Truculautns,
1258 4246 1347 4305 Vidu-

223 4351 308 4410 luria.
351 4350 387 4410 In
414 4351 612 4410 Ambrosiano
643 4351 851 4429 palimpsesto,
884 4371 922 4410 ne
953 4351 1080 4410 fortuita
1112 4366 1346 4419 commemorem,
