2956 5018
247 492 307 553 142
704 485 915 557 Prolagomena

242 682 369 740 Plautus
392 687 438 740 est
459 677 590 740 diotus“.
633 679 733 760 Ipsius
753 679 838 740 Festi
858 681 942 741 locus
964 681 996 740 in
1019 680 1084 740 cod.
1107 679 1293 740 Farnesiano
1321 681 1376 740 ad·

243 783 363 843 modum
395 784 477 843 lacer
509 787 569 842 est:
607 827 633 856 „.
648 828 655 843 .
669 828 698 843 ..
726 783 834 845 Umbri
860 782 989 862 pedibus
1015 784 1114 862 planis
1139 828 1316 844 .........
1337 803 1377 843 us

241 891 343 966 poeta,
368 887 439 964 quia
455 884 568 946 Umber
584 884 719 945 Sarcinas
741 890 815 960 erat,
839 907 857 945 a
878 885 988 965 pedum
1010 886 1138 964 planitie
1160 886 1249 945 initio
1259 885 1374 958 Fletus,

242 993 347 1069 postea
362 988 487 1047 Plautus
504 992 617 1066 ereptus
634 992 682 1047 est
698 984 788 1048 dici“.
816 987 896 1047 Illud
913 987 1047 1066 legimus,
1071 987 1154 1067 quod
1175 988 1252 1048 male
1274 988 1377 1046 omisit

243 1093 436 1170 epitomator,
458 1089 639 1152 Umbrorum
660 1091 753 1150 trisse
774 1089 854 1150 hunc
875 1110 961 1150 usum
982 1089 1068 1150 verbi
1090 1089 1173 1168 quod
1195 1095 1241 1150 est
1256 1089 1374 1169 plotus3

243 1213 352 1255 nomen
373 1198 470 1272 poeta
492 1194 599 1271 periit,
622 1197 658 1252 ut
678 1193 748 1252 inde
778 1212 864 1252 error
890 1193 1028 1270 epitomas
1056 1193 1167 1270 corrigi
1187 1212 1248 1252 non
1269 1192 1374 1270 possit

242 1296 302 1357 Sed
323 1317 456 1356 errorem
477 1297 575 1356 inesse
597 1297 789 1356 manifestum
811 1299 867 1368 est,
885 1313 954 1353 nam
970 1294 1077 1354 Accius
1095 1313 1156 1353 non
1173 1299 1220 1354 est
1234 1294 1374 1366 Plautus;

112 1424 117 1436 ¹
242 1399 296 1458 ubi
318 1404 420 1457 autem
436 1399 521 1458 Accii
541 1419 651 1458 noman
674 1397 851 1475 simpliciter
873 1397 992 1470 dicitur,
1015 1418 1102 1457 nemo
1124 1416 1185 1458 non
1202 1397 1238 1456 L.
1253 1397 1377 1456 Accium

243 1500 468 1560 celeberrimum
495 1500 708 1578 tragoediarum
735 1501 912 1578 scriptorem
939 1500 1097 1577 intelligit3
1126 1518 1181 1560 nec
1203 1501 1229 1558 si
1251 1498 1376 1558 Plautus

243 1603 347 1662 eodem
369 1604 488 1662 nomine
510 1603 624 1676 fnisset,
646 1601 713 1662 fieri
733 1585 844 1681 potnit,
867 1603 941 1680 quin
962 1605 1149 1680 grammatici
1166 1605 1285 1680 antiqui
1300 1603 1377 1662 hano
1445 1673 1448 1676 ¹

242 1726 305 1765 rem
327 1705 608 1764 animadvertissent
629 1725 663 1764 ac
685 1703 798 1763 diserte
820 1704 1020 1777 monuissent,
1042 1725 1081 1764 ne
1103 1707 1300 1765 communitas
1322 1727 1375 1764 no-

242 1809 331 1867 minis
352 1807 509 1867 turbarum
532 1827 622 1866 causa
643 1813 675 1866 et
697 1807 814 1867 occasio
837 1811 925 1866 esset.
969 1805 1158 1866 Emendandi
1184 1809 1264 1866 viam
1292 1827 1376 1866 mon-

242 1909 360 1969 strabat
388 1909 519 1982 Plinius,
554 1911 607 1987 qui
640 1910 672 1968 in
703 1911 801 1988 primo
834 1909 989 1968 Naturalis
1021 1909 1153 1968 historiae
1185 1909 1264 1969 libro
1297 1911 1375 1968 inter

243 2017 380 2071 auctores
412 2010 559 2070 librorum
586 2011 671 2084 XIV,
699 2011 769 2084 XV,
799 2010 902 2070 XVIII
933 2010 1098 2084 „Maecium
1128 2007 1287 2070 Plautum“
1322 2032 1375 2070 no·
1464 2037 1465 2046 ¹

242 2115 352 2188 minat;
386 2112 440 2172 sed
471 2133 533 2173 non
564 2112 776 2190 intelligebant
803 2113 875 2172 viti*
890 2111 985 2186 docti,
1015 2117 1062 2185 st,
1090 2114 1140 2173 vel
1167 2115 1239 2192 quia
1265 2133 1375 2174 nomen
1464 2107 1465 2110 ’

241 2217 341 2275 minus
364 2221 470 2275 notum
492 2215 671 2289 offendebat,
692 2214 743 2274 vel
759 2216 831 2292 quia
847 2215 978 2291 epitome
993 2214 1078 2274 Festi
1095 2217 1246 2276 mentibus
1268 2216 1375 2276 obver-

242 2317 382 2392 sabatur,
416 2337 478 2378 non
505 2317 670 2390 Maecium,
704 2316 758 2376 sed
783 2315 827 2374 M.
855 2316 979 2376 Accium
1012 2315 1171 2394 legendum
1204 2320 1372 2378 censebant.

243 2419 346 2492 Qualis
379 2419 488 2479 divisio
520 2440 611 2498 quum
639 2439 694 2499 per
721 2439 752 2478 se
780 2437 840 2477 non
866 2418 1075 2497 improbabilis
1103 2421 1157 2494 sit,
1185 2425 1284 2480 tamen
1310 2421 1374 2480 iuro
1464 2441 1465 2446 ¹

243 2521 484 2581 animadversum
506 2527 559 2595 eet,
582 2521 714 2580 Plinium
736 2521 853 2581 nullum
870 2525 1015 2598 praeterea
1036 2527 1189 2581 auctorem
1207 2521 1304 2582 tribus
1322 2542 1373 2582 no·

242 2624 373 2683 minibus
390 2624 566 2703 appellasse,
586 2623 638 2682 sed
656 2643 766 2702 paucos
783 2644 843 2682 uno
860 2625 987 2698 nomine,
1004 2625 1166 2703 plerosque
1183 2624 1308 2698 duobus,
1321 2645 1373 2684 nec

243 2727 276 2784 in
298 2726 452 2786 codicibus
472 2725 568 2785 ullum
588 2727 660 2785 talis
676 2725 833 2786 divIsionis
850 2727 1011 2804 vestigium
1027 2725 1230 2786 Detlefsanius
1247 2727 1372 2786 invenit.

328 2829 371 2888 At
385 2833 489 2888 nostra
505 2831 603 2887 aetate
619 2848 730 2888 novum
746 2829 906 2888 accessisse
922 2830 1125 2888 testimonium
1142 2829 1262 2901 dicitur,
1279 2827 1373 2888 Fron-

242 2933 338 3004 tonis,
363 2930 443 3008 apud
465 2951 553 3008 quem
574 2932 606 2990 in
627 2929 767 3008 Epistula
789 2929 827 2990 ad
849 2929 892 2988 M.
914 2930 1098 2990 Antoninum
1124 2931 1162 2989 de
1184 2931 1373 2990 orationibus

245 3031 289 3112 (p.
316 3035 375 3093 131
398 3032 544 3106 Niebuhr,
570 3033 629 3092 162
652 3028 765 3106 Nabar)
789 3031 853 3091 haec
873 3031 973 3092 Maius
995 3033 1085 3111 legit:
1112 3077 1138 3106 „.
1152 3077 1180 3092 ..
1203 3031 1262 3092 hoc
1282 3052 1373 3110 genus

242 3135 404 3194 uerborum
429 3135 537 3194 Accius
563 3133 690 3193 Plautus
717 3153 806 3193 sanus
830 3131 921 3193 ....“
968 3134 1028 3210 Ibi,
1057 3136 1155 3208 aiunt,
1186 3136 1251 3194 sine
1281 3134 1373 3194 dubio

242 3241 328 3298 extat
353 3237 387 3296 id
414 3256 535 3310 nomen,
570 3235 607 3294 de
636 3256 696 3314 quo
727 3235 900 3312 ambigitur.
944 3236 1126 3296 Ritsobelius
1160 3236 1282 3317 quidem
1315 3257 1373 3296 non

242 3339 353 3399 iniuria
375 3338 586 3398 animadvertit
613 3337 699 3397 facile
725 3337 790 3397 fieri
818 3339 966 3417 potuisse,
989 3344 1026 3398 ut
1046 3339 1151 3398 littera
1171 3337 1270 3398 finalis
1292 3340 1373 3400 vocis

243 3463 273 3520 q.
296 3462 322 3500 e.
350 3440 513 3500 verborum
545 3440 694 3499 initialem
722 3442 852 3501 nominis
879 3439 989 3502 Maccii
1016 3441 1167 3516 haurirct;
1196 3461 1266 3500 narn
1293 3440 1373 3520 quod

243 3543 414 3622 Geppertus
436 3541 550 3616 obiicit,
573 3543 729 3602 terminari
750 3563 870 3602 versum
886 3545 917 3602 in
933 3563 997 3603 voc.
1025 3540 1233 3616 ,verbornm“,
1255 3543 1290 3602 id
1310 3549 1373 3602 turn

165 3717 172 3730 ι
243 3646 362 3705 demum
382 3645 512 3720 valeret,
538 3647 564 3704 si
585 3646 680 3723 ipsius
700 3644 866 3705 Frontonis
893 3665 985 3705 manu
1012 3646 1107 3705 codex
1134 3647 1264 3723 scriptus
1285 3651 1371 3705 esset

243 3747 303 3808 Sed
325 3753 395 3806 ante
417 3749 517 3806 omnia
537 3747 708 3820 tenendum,
731 3767 769 3806 ex
790 3747 930 3807 lacunoso
952 3748 1033 3821 loeo,
1057 3749 1141 3807 ouius
1163 3753 1296 3806 extrema
1315 3767 1373 3806 vox

242 3864 342 3909 sanae
363 3854 505 3927 corrupta
526 3851 576 3921 sit,
600 3848 718 3908 deliniri
739 3869 798 3908 non
820 3869 917 3928 posse,
940 3855 1042 3908 utrum
1065 3849 1101 3908 de
1123 3868 1183 3908 uno
1203 3841 1318 3910 Plauto'
1336 3870 1372 3908 an

243 3951 281 4010 de
301 3951 394 4010 Accio
417 3957 447 4010 et
468 3951 577 4010 Plauto
601 3970 698 4010 sermo
726 3953 831 4027 luerit,
859 3953 1028 4030 prasertim
1055 3971 1152 4028 quum
1173 3951 1257 4009 nulla
1286 3971 1373 4011 causa

243 4055 371 4128 cogitari
392 4055 498 4131 possit,
522 4073 583 4126 cur,
608 4055 660 4130 qui
681 4055 713 4112 in
734 4054 792 4113 boc
814 4055 957 4132 opusculo
979 4075 1096 4132 semper
1115 4053 1291 4113 Sallustium
1312 4073 1371 4113 uno

243 4155 363 4214 nomine
386 4156 527 4232 appellet,
549 4155 691 4216 Plautum
713 4155 826 4234 duplici
847 4156 1058 4234 appellaverit.

327 4255 429 4315 Nihilo
450 4257 519 4334 plus
543 4257 672 4316 efficitur
695 4277 732 4316 ex
753 4259 894 4334 ambiguo
916 4259 1061 4318 Varronis
1083 4259 1149 4317 loco
1171 4257 1205 4316 L.
1230 4257 1266 4317 L.
1291 4257 1370 4331 vm,

245 4359 301 4419 36:
329 4358 498 4432 „Dissimile
519 4358 645 4418 Plautus
668 4364 700 4418 et
721 4359 857 4420 PlautIus
879 4366 910 4420 et
931 4381 1085 4421 commune
1106 4366 1142 4421 ut
1162 4360 1251 4420 huius
1272 4361 1371 4422 Plauti
