2960 5038
258 483 321 545 258
733 479 912 550 Amphitruo.

257 673 410 746 Lindum,
444 691 528 745 nam,
563 673 757 750 sequentibus
793 674 880 748 „hinc
913 680 944 734 et
972 675 1085 750 illinc“,
1119 671 1275 754 utrimque
1304 679 1375 736 mele

259 774 406 848 abundat,
440 793 604 852 pronomen
631 775 827 836 desideratur.
855 807 899 818 -
926 779 998 838 227.
1021 778 1132 838 Vernis
1161 779 1271 858 duplici
1298 781 1376 840 hiatu

130 959 136 968 Ι
257 879 410 950 laborans,
449 881 522 953 post
558 873 722 954 suedpere
759 883 790 938 et
826 887 897 956 post
928 875 1065 954 hortum,
1099 883 1167 940 va-
1184 883 1296 960 integer
1326 891 1375 942 est.

257 981 304 1040 Fl.
327 979 420 1059 paulo
442 975 584 1037 audacius
605 979 718 1038 edidit:
751 985 833 1053 „tum
856 985 1017 1042 exercitum
1039 981 1219 1044 hortarier“.
1257 985 1377 1062 Seyffert

260 1082 421 1158 (Philolog.
451 1080 581 1154 XXVII,
615 1101 645 1158 p.
674 1078 750 1156 451)
793 1087 937 1162 „uterque
969 1086 1084 1144 hortari
1117 1085 1308 1146 exercitum“.
1339 1118 1376 1128 —

259 1187 331 1246 228.
348 1181 440 1263 potis
464 1186 512 1244 est
538 1203 594 1261 pro
620 1185 727 1261 potest
752 1187 857 1264 scripsi
884 1205 988 1245 versus
1017 1207 1118 1261 causa;
1148 1188 1283 1248 Lindum.
1305 1199 1376 1250 cete·

257 1293 344 1368 rique
375 1295 424 1362 ,et
450 1293 553 1367 potest
580 1293 610 1345 et
636 1283 737 1346 uelet“
769 1289 1027 1364 scripserant.·-
1063 1291 1135 1348 229.
1159 1281 1232 1352 boat
1251 1291 1375 1352 urceum

257 1391 451 1464 vocabulum,
481 1396 517 1448 ut
541 1389 602 1449 alia
624 1389 703 1468 apud
724 1389 874 1448 Plautum.
919 1389 984 1448 Hoc
1011 1391 1132 1469 quidem
1160 1395 1251 1452 etiam
1271 1393 1376 1454 Ennius

257 1514 329 1553 usus
351 1499 409 1552 est:
443 1493 589 1566 „clamore
618 1488 780 1551 bouantes“
808 1489 917 1566 (Varro
939 1493 975 1554 L.
998 1492 1032 1552 L.
1058 1493 1127 1567 VII,
1154 1491 1228 1569 104)
1257 1501 1300 1570 et,
1326 1497 1376 1554 nisi

258 1596 361 1668 fallor,
390 1594 538 1654 Pacuvius
563 1593 667 1652 Medo:
706 1593 859 1666 „Clamore
893 1601 924 1654 et
957 1597 1059 1655 sonitu
1093 1597 1182 1656 colles
1215 1605 1375 1658 resonantes

257 1695 378 1772 boant“‚
401 1697 454 1756 ubi
476 1696 592 1756 Nonius
612 1713 642 1771 p.
668 1698 707 1754 79
734 1694 864 1769 ,bouut“
890 1697 974 1775 legit.
1018 1697 1152 1758 Utuntur
1174 1703 1264 1760 etiam
1282 1701 1375 1776 vergi·

257 1802 316 1860 lius
343 1805 374 1860 et
402 1799 536 1860 Ovidius.
564 1827 608 1838 -
636 1799 707 1858 230.
730 1795 851 1876 spiritu
878 1799 971 1876 atque
999 1795 1188 1860 anhelituB
1216 1809 1247 1861 et
1272 1801 1373 1860 Nonius

256 1926 286 1983 p.
306 1906 383 1977 2723
403 1902 567 1961 deteriores
586 1899 671 1959 codd.
689 1901 766 1960 mule
789 1902 882 1977 atque
899 1904 1053 1962 omittunt.
1088 1903 1175 1976 Quod
1195 1904 1374 1964 adnumeres

257 2009 377 2079 attinet,
401 2004 575 2081 Spengelius
599 1999 712 2076 (Plaut.
735 2022 765 2080 p.
787 1999 841 2077 77)
865 2010 986 2082 poetam
1009 2025 1027 2062 a
1049 2007 1168 2064 creticis
1189 2006 1222 2064 in
1243 2007 1374 2066 uochnos

257 2110 367 2170 abiisse
395 2106 548 2180 censebet;
581 2125 636 2164 nos
663 2106 758 2182 atque
783 2107 911 2183 primam
940 2109 1090 2184 corripere
1119 2110 1295 2182 statuimus,
1320 2108 1372 2166 vid

256 2211 373 2288 Proleg.
396 2229 425 2287 p.
445 2195 516 2270 205.
540 2239 582 2249 -
606 2210 678 2266 231.
702 2208 826 2269 emestot
847 2215 877 2268 et
899 2209 985 2268 codd.
1010 2215 1040 2268 et
1056 2209 1169 2269 Nonius
1190 2231 1221 2288 p.
1241 2213 1309 2285 272,
1330 2211 1374 2286 qui
1452 2199 1453 2272 l

257 2318 339 2372 recte
362 2313 593 2388 interpretatur:
621 2304 786 2385 „Gortatot
810 2309 965 2371 consistit“
992 2313 1254 2372 conserens'etiam
1271 2311 1374 2390 antiqui
1452 2303 1453 2322 ¹

257 2415 367 2490 tragici
389 2414 486 2473 locum
509 2413 591 2491 apud
610 2413 701 2474 Gloer.
721 2412 839 2472 Tuscul.
859 2412 883 2486 1,
905 2414 954 2486 16,
975 2415 1030 2474 37:
1058 2413 1127 2488 „ubi
1150 2414 1250 2490 rigide
1270 2418 1375 2474 constat

259 2535 359 2576 crassa
392 2516 485 2593 caligo
520 2514 677 2574 inferum.
722 2513 926 2606 significatur,
961 2516 1101 2576 nebulam
1134 2521 1266 2576 coactam
1297 2503 1373 2576 stare.

257 2619 433 2678 Fleckeisen
461 2619 590 2695 recepit,
614 2619 695 2696 quod
717 2617 980 2678 Schwaramannus
1005 2621 1037 2676 in
1059 2619 1083 2678 B
1106 2620 1165 2696 legi
1188 2617 1376 2679 affirmaverat

259 2718 300 2795 (v.
318 2719 402 2799 prus.
421 2739 450 2797 p.
464 2717 513 2794 V),
536 2716 660 2796 conflat,
683 2723 758 2780 mne
782 2719 951 2793 admodum,
975 2726 1009 2779 ut
1030 2721 1154 2781 verbum
1176 2724 1304 2782 activum
1325 2741 1376 2780 non

259 2823 447 2882 intransitive
470 2821 522 2882 sed
544 2824 663 2902 passive
685 2829 856 2902 poneretur.
890 2822 1001 2882 Verum
1023 2843 1084 2882 non
1111 2829 1157 2882 est
1181 2823 1374 2896 laborandum,

259 2945 330 2984 nam
359 2925 471 2984 erravit
493 2924 764 2985 Schwaramannus.
787 2955 831 2966 -
852 2921 993 2986 uolneris
1020 2921 1056 2984 ui
1083 2927 1116 2986 et
1141 2921 1263 2986 uitium
1289 2927 1375 2998 codd,

260 3028 453 3106 quodquam
477 3029 606 3086 numeris
635 3034 831 3106 repugnaret,
861 3027 986 3088 Bothius
1014 3028 1165 3105 ceterique
1188 3025 1295 3090 utam
1314 3031 1375 3090 scri·

258 3135 391 3211 pserunt.
436 3129 495 3190 Sed
517 3149 623 3207 parurn
645 3135 715 3207 epte
737 3129 848 3188 milites
869 3130 1001 3188 vulneris
1024 3135 1056 3188 et
1077 3131 1209 3190 virorum
1231 3132 1261 3190 vi
1283 3133 1376 3192 cadere

259 3234 407 3294 dicuntur.
452 3231 599 3310 Equidem
624 3231 694 3290 olim
718 3231 817 3290 deleta
843 3228 908 3304 ,et“
934 3231 1084 3308 particula
1105 3228 1172 3292 utet
1193 3235 1374 3312 scripseram,

258 3339 290 3395 in
313 3335 436 3396 eandem
458 3336 657 3394 coniecturam
680 3334 786 3394 incidit
807 3333 949 3410 Seyffert,
974 3333 1119 3412 Philolog.
1143 3335 1236 3409 XXV,
1260 3357 1289 3414 p.
1311 3337 1374 3410 441,

259 3444 290 3499 et
311 3437 419 3511 Luchs,
443 3435 543 3496 Herm.
567 3435 648 3510 VIII,
675 3438 743 3510 loe,
767 3439 819 3514 qui
841 3436 896 3496 hoc
919 3455 1039 3514 qnoque
1061 3442 1141 3496 recte
1166 3437 1374 3510 animadvertit,

205 3536 208 3542 ’
258 3540 439 3618 singularem
475 3533 616 3598 uolueris
653 3537 724 3596 ferri
763 3559 824 3599 non
857 3557 959 3616 posse,
993 3532 1158 3598 rotumum
1190 3541 1308 3616 requiri.
1339 3569 1374 3578 -

261 3643 331 3702 232.
356 3636 515 3702 murmur
541 3640 716 3700 emendator
743 3640 853 3701 codicis
875 3639 909 3700 Β.
932 3671 975 3680 -
998 3641 1070 3700 233.
1093 3636 1229 3702 uicimus
1249 3638 1284 3702 ai
1302 3640 1373 3720 sero-

259 3759 323 3818 ces,
347 3743 480 3804 clausule
501 3749 678 3802 tetrametro
701 3744 819 3816 addita,
843 3761 947 3821 qnam,
975 3743 1001 3802 si
1023 3742 1153 3816 abesset,
1183 3763 1243 3804 non
1271 3744 1373 3804 deside·

258 3865 366 3906 rerem.
786 3883 792 3892 ·

347 3923 552 4025 234.⁸fttyam
572 3944 617 4008 tu.
662 3947 851 4026 anastrophe
874 3948 1118 4024 prnpositionum
1146 3947 1227 4024 apud
1248 3947 1370 4006 Plautum

258 4051 412 4112 invenitur
433 4069 494 4111 non
515 4051 612 4111 solum
634 4048 858 4126 disyllaborum,
877 4055 912 4110 ut
929 4069 1008 4127 erga,
1025 4051 1114 4124 inter,
1133 4067 1233 4126 penes,
1250 4055 1370 4127 propter,

260 4152 368 4232 quibus
391 4151 536 4213 accedunt
558 4153 648 4211 etiem
672 4152 842 4225 aduersum,
867 4151 1039 4224 secundum,
1057 4151 1174 4210 clrciter
1196 4146 1278 4224 (Cist.
1296 4147 1368 4224 504),

260 4255 313 4315 sed
335 4257 427 4315 etiam
449 4253 729 4331 monosyllabarum,
751 4259 787 4313 ut
807 4255 890 4314 Asin.
918 4255 991 4314 118:
1020 4273 1098 4331 „quo
1121 4249 1189 4326 ab“,
1215 4253 1287 4312 394:
1311 4253 1368 4329 ,qni

259 4355 347 4436 pro“,
382 4359 444 4416 '158
478 4362 510 4429 et
536 4355 626 4434 Epid.
657 4357 731 4414 172:
770 4376 848 4433 „quo
877 4353 942 4429 01⁴⁴,
977 4354 1075 4414 Oasin.
1107 4356 1182 4414 170:
1220 4373 1294 4430 ,qua
1316 4351 1366 4425 in“,
