2992 5054
710 507 802 561 Plauti

310 1520 494 1587 LIBANUS
518 1519 690 1588 SERUOS.
735 1522 1026 1590 DEMAENETUS
1050 1521 1200 1588 SENEX.

669 1676 846 1742 Libanus

234 1783 326 1850 Sicut
347 1788 440 1847 tuum
462 1784 513 1848 uis
535 1784 669 1849 unicum
692 1792 827 1868 gnatum
849 1791 925 1850 tuoe

234 1890 411 1976 Superesse
433 1894 522 1958 uitae
546 1893 703 1978 sospitem
725 1901 758 1958 et
780 1894 999 1978 superstitem,

234 2000 287 2066 Ita
308 2001 367 2065 ted
388 2005 535 2084 optestor
556 2022 617 2085 per
639 2008 842 2067 senectutem
864 2007 955 2066 tuam

233 2109 361 2193 Perque
381 2105 473 2173 illem
496 2129 594 2192 quum
616 2115 653 2175 tu
675 2109 793 2175 metuis
815 2131 952 2175 uxorem
975 2116 1081 2175 tuem:
1173 2181 1175 2186 ,

235 2216 350 2302 Siquid
372 2215 446 2282 med
469 2237 547 2300 erge
568 2216 665 2282 hodie
689 2215 808 2282 falsum
831 2219 961 2299 dixeris,
1289 2216 1331 2268 2⁰

170 2387 172 2392 ,
234 2327 280 2392 Ut
300 2325 362 2391 tibi
385 2332 549 2410 superstes
572 2347 656 2391 uxor
679 2331 823 2391 aetatem
846 2327 910 2391 sict

234 2434 343 2518 Atque
364 2435 423 2499 ille
444 2436 522 2499 uiua
544 2435 639 2500 uiuos
662 2441 698 2498 ut
721 2442 845 2518 pestem
869 2441 1017 2519 oppetes.

624 2541 890 2609 Demaenetus

235 2650 312 2735 [Per
333 2650 430 2716 deum
452 2651 581 2715 Fidium
604 2652 750 2734 quaeris3
773 2652 882 2716 iurato
905 2651 985 2716 mihi

235 2759 339 2826 Uideo
362 2779 495 2825 necesse
518 2781 590 2824 esse
613 2758 723 2841 eloqui
746 2759 905 2844 quidquid
927 2757 1047 2843 roges]

234 2868 288 2934 Ita
309 2889 360 2933 me
383 2867 546 2934 obstinate
569 2867 778 2949 adgressus'S,
802 2875 839 2933 ut
860 2890 927 2933 non
950 2869 1088 2932 audeam
1288 2871 1327 2922 25

233 2977 386 3043 Profecto
408 2977 618 3060 percontanti
640 2977 718 3059 quin
741 2997 890 3061 promsm
913 2977 1031 3042 omnis.

233 3085 374 3152 Proinde
396 3091 546 3150 actutum
567 3086 653 3149 istuc
675 3085 754 3168 quid
777 3087 820 3151 sit
842 3084 930 3169 quod
953 3087 1036 3150 scire
1059 3087 1184 3169 expetis

234 3194 413 3279 Eloquere3
436 3198 474 3258 ut
495 3194 565 3277 ipse
588 3193 687 3273 scibo,
710 3201 743 3259 te
765 3195 886 3286 faciam
908 3201 946 3259 ut
969 3194 1064 3259 scias.

667 3303 844 3370 Libanus

234 3411 314 3476 Dice
337 3410 473 3476 obsecro
497 3409 608 3475 hercle
632 3412 726 3476 serio.
762 3411 855 3491 Quod
877 3416 912 3477 te
934 3433 1056 3496 rogem,

235 3519 322 3585 Gnue
345 3519 425 3584 mihi
447 3518 597 3583 mendaci
620 3520 803 3603 quiequam.

623 3626 890 3693 Demaenetus

819 3736 904 3814 Quin
927 3742 963 3800 tn
986 3755 1063 3820 ergo
1086 3738 1206 3820 rogus?
1286 3749 1325 3802 30

666 3843 843 3908 Libanus

234 3955 318 4016 Num
339 3972 391 4015 me
413 3950 492 4016 illuc
509 3951 615 4032 ducis,
637 3951 695 4016 ubi
716 3952 802 4036 lapis
824 3935 969 4036 lapidem
990 3954 1092 4018 terit?

620 4060 890 4126 Demaenetus

235 4167 321 4247 Quid
342 4169 429 4232 istuc
452 4175 502 4233 est
524 4174 582 4234 out
603 4169 661 4234 ubi
683 4170 769 4235 istuc
790 4176 842 4235 est
862 4175 1029 4234 terrerum
1050 4169 1135 4235 loci?

263 4400 294 4454 18
311 4403 340 4453 te
409 4401 443 4454 25
461 4399 608 4469 adgressm
