2922 5032
125 440 305 514 5555-55
333 525 337 533 Ι
620 445 758 501 senam

120 633 186 702 Eae
208 656 302 702 nunc
324 636 471 730 legiones
493 635 608 721 copiae
630 637 860 721 exercitusque
884 658 998 705 eorum

119 743 157 810 Ui
177 745 364 829 pugnando
385 745 541 830 periuriis
563 745 685 811 nostris
706 745 805 830 lugeo
828 747 949 832 potiti„

115 852 152 918 Id
172 853 306 919 uirtute
329 852 426 919 huius
448 852 605 937 conlegae
628 874 767 939 meaque
792 855 948 923 comitale

114 961 309 1045 Factumsb3
326 963 384 1048 qui
398 983 451 1028 ms
468 963 523 1027 uir
537 959 656 1027 feruor
672 959 752 1045 [esi]
770 962 813 1028 ad
830 961 1038 1032 sufferundas
1053 965 1187 1054 plegae?
1204 977 1258 1034 550

598 1069 779 1136 Leonida

112 1177 241 1263 Edepol
265 1179 408 1246 uirmtis
430 1178 488 1263 qui
508 1183 585 1244 tuas
606 1197 696 1243 nunc
717 1179 826 1262 possis
848 1179 1057 1264 conlaudare,

111 1287 202 1353 Sicut
225 1308 297 1371 ego
320 1289 453 1373 possim,
477 1306 563 1370 quae
585 1285 675 1352 domi
698 1285 866 1372 duellique
887 1287 973 1356 male
991 1290 1122 1358 fecisti?

109 1395 155 1460 lle
176 1395 243 1461 illa
268 1395 393 1482 edepol
414 1417 476 1480 pro
497 1394 618 1460 merito
641 1399 700 1462 tuo
723 1397 898 1462 memorari
920 1398 1025 1464 multa
1046 1407 1194 1485 possunt,

23 1553 24 1568 ι
110 1501 171 1568 Ubi
193 1503 365 1570 fidentem
385 1501 604 1584 iraudaueris‚
627 1501 685 1568 ubi
708 1525 765 1570 ero
787 1503 929 1571 infidelis
950 1505 1060 1590 fureris,

107 1609 173 1678 Ubi
193 1613 319 1678 uerbis
341 1612 510 1694 conceptis
533 1611 641 1677 sciens
663 1609 819 1678 lubenter
843 1614 1032 1697 perimaris,
1204 1617 1256 1672 555

22 1711 23 1716 ’
107 1718 172 1784 Ubi
193 1721 353 1805 parietes
374 1719 565 1804 perfoderis,
585 1720 622 1784 in
642 1718 733 1786 furto
754 1719 813 1786 ubi
834 1722 877 1786 sis
900 1721 1089 1807 prehensus,

107 1826 173 1893 Ubi
195 1849 307 1914 saepe
329 1848 465 1894 causam
488 1827 611 1894 dixeris
633 1828 780 1912 pendens
802 1829 963 1897 eduorsus
986 1838 1062 1898 octo

108 1935 252 2003 Artubos
278 1937 413 2002 eudnois
435 1937 536 2016 uiros,
557 1935 700 2002 ualentis
722 1938 915 2020 uirgatores.

600 2043 777 2110 Libanus

110 2150 239 2218 Fateor
261 2150 413 2238 profecto
434 2157 473 2218 ut
493 2153 678 2237 praedicas,
701 2151 858 2234 Leonida,
879 2174 952 2220 esse
974 2175 1070 2236 uera3

23 2260 25 2342 j
111 2257 241 2326 Uerum
276 2259 397 2345 edepol
427 2281 469 2325 ne
503 2261 604 2326 etiem
635 2264 695 2325 tue
727 2281 857 2344 quoque
895 2263 982 2328 male
1016 2263 1106 2328 lecte
1137 2263 1255 2330 iterari

23 2355 24 2360 ἵ
841 2369 947 2436 multa
1202 2371 1256 2426 560

114 2473 158 2540 Et
179 2475 267 2544 uero
291 2483 436 2563 possunt,
459 2478 517 2543 ubi
539 2477 645 2543 sciens
665 2474 756 2541 fideli
776 2475 895 2544 infidus
916 2476 1026 2560 fueris,

113 2581 179 2650 Ubi
201 2607 347 2670 prensus
368 2587 403 2652 in
424 2585 516 2652 furto
538 2585 604 2652 sies
626 2584 811 2650 manufesto
834 2589 869 2650 et
889 2585 1094 2669 uerbenaeue,

97 2688 180 2758 ·Ubi
203 2694 398 2778 perimaris,
420 2693 478 2759 ubi
500 2713 595 2760 sacro
618 2713 736 2760 manus
758 2693 802 2758 sis
824 2692 1010 2775 admoneus,

115 2797 182 2866 Ubi
204 2805 275 2869 eris
296 2802 416 2868 damno
438 2801 610 2868 molestiae
633 2806 667 2866 et
689 2800 845 2866 dedecori
866 2823 965 2887 saepe
987 2799 1099 2883 fueris,

117 2906 183 2974 Ubi
206 2910 372 2976 creditum
393 2909 484 2992 quod
504 2910 549 2975 sib
569 2909 632 2975 tibi
655 2909 770 2974 datum
793 2929 863 2974 esse
884 2909 1085 2992 pernegare,
1202 2915 1256 2972 565

24 3077 26 3100 1
117 3013 182 3082 Ubi
205 3019 333 3084 amicae
355 3037 455 3101 quam
478 3017 585 3084 amico
607 3022 666 3082 tuo
688 3015 790 3082 fueris
812 3017 918 3100 magis
939 3014 1056 3098 fidelis,

24 3188 26 3211 ,ἵ
119 3121 183 3190 Ubi
206 3147 306 3210 saepe
328 3125 372 3191 ad
393 3126 588 3209 languorem
609 3129 669 3190 tua
692 3123 814 3190 duritia
837 3123 967 3190 dederis
991 3129 1066 3191 octo
1093 3109 1100 3116 ⁵

121 3229 256 3300 Ualidos
277 3233 412 3299 lictores
434 3233 549 3299 ulmeis
572 3230 720 3298 adfectos
741 3232 840 3298 lentis
861 3232 973 3315 uirgis.

24 3396 26 3421 ,
121 3337 205 3406 Num
227 3342 313 3408 male
336 3341 476 3407 relatast
498 3341 616 3424 gratia
638 3346 679 3406 ut
701 3341 872 3424 conlegam
894 3339 1113 3406 conlaudaui?

564 3505 566 3510 .
598 3448 777 3515 Leonida
1126 3453 1127 3457 ’

23 3575 25 3595 ²
123 3551 167 3620 Ut
187 3578 305 3643 meque
326 3562 426 3640 teque
447 3577 601 3623 maxume
624 3563 724 3642 elque
746 3557 878 3638 ingenio
900 3563 1014 3623 nostro
1037 3557 1158 3624 decuit.
1201 3566 1255 3620 570

598 3663 775 3730 Libanus

25 3856 26 3871 χ
125 3767 191 3837 Iam
213 3775 328 3840 omitte
350 3771 416 3838 isla
438 3777 537 3857 abque
559 3771 624 3837 hoc
646 3773 736 3857 quod
757 3794 838 3858 rogo
860 3773 1033 3858 responde.

595 3881 775 3949 Leonida

937 3989 1058 4074 Rogita
1079 3987 1169 4075 quod
1189 3990 1252 4055 uis.
1279 3946 1282 3952 Ι

128 4141 326 4156 b—

24 4297 27 4321 s
188 4243 239 4298 547
255 4243 348 4297 forum
404 4245 456 4300 548
474 4259 561 4314 eugae
618 4243 669 4298 550
688 4241 858 4299 sufferendas
912 4245 963 4299 558
980 4245 1099 4298 Aetolos
1152 4245 1204 4300 560
1220 4241 1253 4296 ni

128 4323 173 4380 565
189 4333 218 4382 et
232 4326 382 4382 manifesto
