2956 5018
573 482 784 556 Prolegoment
1186 495 1245 556 179

111 680 244 740 secunde
270 686 391 740 tantum
419 681 549 738 trimetri
576 680 699 759 dipodis
725 681 954 758 intelligendum
977 701 1041 742 esse
1064 683 1152 758 dicit,
1176 705 1244 744 nem

111 785 143 840 in
162 785 263 860 prima
290 789 322 841 et
350 785 442 842 tertis
469 803 585 862 semper
612 785 747 858 licuisse,
776 786 862 861 quusi
892 804 953 844 uon
974 785 1031 844 hoc
1052 785 1150 864 ipsum
1172 789 1245 846 satis

111 885 305 958 ostenderet,
340 886 429 944 eliam
462 887 507 944 rei
539 905 658 946 censam
690 887 881 964 quaerendum
915 907 989 946 esse.
1044 886 1182 947 Fuerunt
1213 893 1246 949 in

111 987 219 1046 eedem
247 989 397 1047 sententie
423 993 452 1046 et
472 988 661 1048 Hermannus
690 993 721 1046 et
749 989 802 1047 ulii
823 989 911 1047 multi
933 1009 1028 1066 nsque
1050 989 1089 1048 ad
1110 990 1245 1052 Ritsche·

110 1090 202 1164 lium,
233 1091 286 1169 qni
314 1093 346 1148 in
372 1091 591 1169 prolegomenis
619 1091 785 1151 Trinummi
814 1088 856 1170 (p.
881 1090 984 1151 CCVII
1011 1088 1091 1170 sqq.)
1126 1095 1245 1172 copiose

109 1192 243 1270 probare
266 1193 377 1265 studet,
401 1193 482 1270 apud
500 1195 640 1272 antiquos
657 1201 763 1273 poetes
788 1215 873 1268 „cum
890 1196 1068 1272 quantitatis
1085 1199 1245 1255 severitate

110 1315 229 1353 summa
261 1299 399 1354 accentus
432 1293 685 1370 observationem,
715 1295 815 1375 quoad
848 1297 911 1355 eius
937 1295 1003 1354 fieri
1031 1303 1147 1376 posset,
1177 1319 1244 1357 con·

110 1398 244 1456 oiliatam
272 1393 365 1455 esse“.
410 1397 531 1456 Mireris
564 1419 624 1457 non
654 1401 795 1458 maiorem
824 1399 998 1478 scrupulum
1025 1403 1152 1460 movisse
1180 1403 1245 1459 viro

110 1500 188 1558 illud
215 1499 333 1576 ,quoed
355 1501 419 1557 eius
441 1499 521 1559 fierit
541 1499 672 1580 porset“,
699 1521 754 1560 nec
781 1501 891 1562 vidisse
920 1501 1124 1562 doctissimum
1147 1505 1245 1563 virum

110 1601 305 1660 multitudine
329 1604 537 1680 exceptionum
559 1603 692 1680 regulam
714 1604 789 1662 tolli.
824 1604 937 1664 Tamen
957 1605 1117 1683 plerosque
1138 1606 1243 1665 habuit

110 1709 286 1783 sequentes,
319 1704 470 1782 hodieque
503 1709 573 1764 sunt
605 1707 657 1783 qui
690 1711 868 1783 sequentur,
898 1707 1032 1783 quemvis
1060 1705 1111 1765 Fr.
1135 1707 1242 1780 Ritter,

109 1806 146 1864 A.
170 1806 291 1879 Beckh,
327 1807 488 1866 novissime
524 1813 623 1866 sutem
652 1807 777 1867 (lorssen
816 1809 1041 1882 diligentissime
1076 1809 1245 1868 examinata

110 1913 178 1966 tots
198 1927 234 1966 re
257 1905 472 1985 (Ausspreche,
496 1907 681 1968 Vocslismus
710 1909 772 1968 und
794 1910 953 1984 Betonung
975 1909 1030 1968 der
1051 1909 1244 1970 lateinischen

110 2010 245 2088 Sprache
266 2011 310 2083 H,
333 2029 363 2087 p.
388 2011 449 2070 400
479 2006 560 2089 sqq.)
590 2011 789 2084 ostenderint,
818 2011 892 2070 nihil
920 2012 1017 2070 minus
1045 2013 1139 2087 egisse
1169 2015 1243 2071 anti-

111 2133 187 2190 quos
210 2117 331 2189 poetas,
354 2132 444 2190 qnam
465 2117 500 2172 ut
525 2113 685 2173 verborum
712 2119 851 2173 occentus
879 2133 945 2172 eum
973 2113 1084 2172 ictibus
1111 2116 1243 2172 metricis

111 2219 320 2292 congruerent.
365 2213 409 2272 De
437 2215 491 2274 hec
519 2217 613 2294 igitur
640 2236 673 2274 re
700 2217 732 2274 in
760 2221 863 2276 nostro
893 2217 1107 2274 commentario
1130 2215 1243 2274 nullum

111 2317 236 2374 verbum
253 2317 431 2374 invenietur.
465 2317 527 2376 Nec
549 2319 581 2376 in
604 2317 736 2378 editione
754 2318 923 2377 fabularum
934 2317 1124 2376 Bentleianos
1141 2339 1244 2376 eccen-

110 2425 157 2478 tus
180 2420 353 2496 posuimns;
376 2420 408 2477 in
430 2422 640 2478 commentario
663 2421 813 2480 interdum
831 2419 886 2479 hec
904 2421 1021 2479 ratione
1040 2425 1137 2479 metra
1153 2421 1244 2497 signi-

110 2519 267 2580 ficabimus
287 2521 447 2580 brevitatis
470 2541 567 2594 cause,
591 2543 628 2581 ne
652 2524 785 2598 longiore
802 2527 925 2582 utamur
942 2522 1102 2582 verborum
1119 2524 1241 2582 ambitu.

111 2623 237 2682 Tirones
258 2643 332 2682 vero
355 2621 410 2681 hoc
433 2644 594 2698 monemus,
618 2627 702 2702 signs
723 2626 777 2683 ille
799 2623 917 2684 schema
939 2625 1036 2682 solum
1053 2643 1244 2683 numerorum

111 2725 258 2798 indicare,
287 2745 348 2784 non
375 2725 508 2805 pondera
536 2727 733 2802 syllsberum,
764 2733 795 2785 et
824 2729 877 2805 qui
906 2726 1079 2802 tribrachyn
1111 2746 1244 2803 pronun-

109 2827 215 2886 tiando
239 2827 391 2903 dactylum
414 2827 530 2902 reddet,
554 2834 606 2887 aut
627 2829 792 2906 spondeum
816 2829 957 2900 iembum,
982 2849 1048 2887 enm
1071 2829 1147 2887 mule
1168 2832 1243 2886 reci-

111 2935 185 2988 tare.
217 2929 302 3001 Quod
320 2930 346 2987 si
363 2930 507 2989 iambicos
524 2931 751 3007 trochaicosque
773 2951 879 2990 versus
902 2932 1091 3007 antiquorum
1109 2933 1244 3009 exemplo

112 3017 244 3108 dipodiis
266 3033 414 3104 metimur,
437 3053 498 3091 non
520 3033 588 3090 ideo
610 3034 698 3092 alteri
721 3054 757 3090 ex
780 3032 896 3092 dnobus
918 3031 1045 3110 pedibus
1062 3033 1158 3090 maius
1181 3053 1244 3092 mo-

111 3138 246 3192 mentum
268 3132 438 3192 tribuimus.
484 3134 571 3206 Quod
601 3139 699 3193 autem
726 3135 909 3193 interritos
931 3135 1036 3193 doctos
1057 3133 1242 3210 disputatum

111 3241 169 3309 est,
193 3241 295 3294 utrum
317 3235 452 3295 iambieoe
476 3236 607 3313 dipodiae
629 3237 713 3314 prior
741 3257 779 3295 an
806 3239 956 3314 posterior
978 3255 1030 3313 pes
1052 3237 1146 3294 ictum
1169 3238 1243 3294 aeci-

110 3357 183 3414 pere
206 3337 339 3413 deberet,
363 3337 395 3396 id
417 3338 538 3415 quidem
561 3340 665 3414 negari
688 3341 802 3417 nequit,
826 3358 885 3412 eos,
906 3339 957 3418 qui
974 3339 1136 3416 posteriori
1151 3339 1244 3397 ictum

110 3441 263 3514 tribuent,
287 3440 473 3519 Geppertum
496 3446 527 3500 et
548 3441 781 3518 Westphalium,
813 3443 1007 3518 antiquorum
1035 3441 1244 3500 auctoritatem

110 3544 205 3620 sequi,
225 3544 250 3600 si
267 3543 387 3621 quidem
399 3542 474 3603 Iube
491 3542 571 3621 apud
583 3544 725 3602 Priscian.
745 3543 781 3600 de
797 3545 901 3602 metris
913 3542 1033 3601 Terent.
1046 3562 1075 3619 p.
1091 3543 1152 3602 420
1165 3542 1241 3601 Keil.

114 3646 163 3716 ,in
185 3643 301 3722 primc“
326 3646 427 3724 inquit
453 3645 547 3722 ,pede
570 3650 601 3704 et
622 3647 713 3704 tertio
736 3646 842 3722 incipit
860 3650 890 3703 et
906 3647 937 3703 in
955 3645 1068 3722 quinto,
1087 3643 1195 3702 feritur
1213 3646 1244 3702 in

110 3748 242 3808 secundo
261 3751 292 3806 et
309 3752 417 3826 quarto
437 3754 468 3806 et
486 3745 601 3821 sexto“,
620 3748 758 3825 idemque
776 3752 807 3806 et
818 3748 1016 3807 Terentianus
1034 3766 1061 3804 v.
1076 3747 1158 3804 2249
1176 3766 1242 3824 sqq.

110 3850 201 3908 docet
229 3855 260 3908 ot
287 3849 399 3908 Caesius
427 3850 537 3909 Bessus
566 3850 646 3927 apud
673 3849 813 3909 Rufinum
835 3849 865 3923 I,
890 3851 922 3922 5,
954 3850 1063 3926 quibus
1093 3867 1152 3926 quo
1179 3849 1243 3907 iure

110 3958 282 4030 opponatur
309 3951 451 4011 Aristidis
478 3952 562 4012 locus
592 3949 716 4027 (Christ.
739 3951 830 4009 Metr.
853 3971 883 4028 p.
909 3947 978 4025 65),
1008 3971 1068 4010 non
1097 3951 1241 4028 intelligo.

110 4053 169 4114 Sed
191 4054 324 4133 quiade
346 4057 430 4114 veria
451 4055 561 4133 pedum
583 4054 732 4132 gravitate
754 4073 792 4111 ne
814 4053 945 4130 antiquis
967 4053 1088 4132 quidem
1113 4055 1243 4112 auctori·

109 4157 166 4216 bus
189 4158 295 4231 credo,
324 4157 355 4214 in
383 4157 512 4216 levicula
539 4177 586 4230 re,
615 4155 667 4214 ubi
693 4158 805 4232 praetcr
833 4155 973 4214 metiendi
1001 4155 1243 4215 commoditatem

111 4259 186 4318 nihil
209 4260 404 4338 spectandum
427 4265 487 4334 est,
511 4259 667 4335 evulgari
689 4255 876 4333 significandi
905 4276 989 4316 more
1017 4257 1133 4334 digredi
1160 4257 1244 4316 nolui

112 4369 149 4436 et,
173 4362 271 4423 sicubi
295 4369 432 4422 accentus
453 4361 566 4435 addidi,
586 4361 719 4438 priorem
738 4361 879 4437 cuiusque
898 4359 1027 4436 dipodiae
1042 4359 1151 4438 pedem
1166 4359 1248 4417 ictus

987 4471 1035 4526 12*
