2976 5056
258 489 322 550 290
732 487 910 556 Amphitruo.

258 679 404 739 conuiuae
431 677 561 738 ceteri?“
608 681 692 740 Asin.
719 682 794 740 195:
832 682 907 755 „Ubi
938 684 1041 756 illaec,
1072 705 1148 762 qnae
1176 684 1246 742 dedi
1273 682 1367 742 ente?“

259 783 336 840 801:
364 785 540 855 „nonenim
557 781 748 842 mortnalis“.
782 783 864 843 Poen.
883 787 960 844 839:
988 787 1040 858 „ln
1062 789 1136 845 totis
1158 785 1280 845 aedibus
1299 793 1371 844 tene·

257 883 360 944 brse“.
405 885 482 944 Rnd.
508 887 584 944 207:
629 885 711 958 „Hoc
749 887 829 962 quod
866 886 973 946 induta
1005 908 1084 962 snm,
1119 909 1249 948 summas
1279 885 1370 966 opes“.

258 986 348 1046 Stich.
374 989 450 1045 tlt:
494 986 681 1059 „Potetiones
720 989 874 1064 plurumae
914 987 1118 1049 demortuce“.
1176 993 1251 1050 217:
1287 991 1372 1062 „Quot

258 1109 347 1146 oense
374 1087 550 1148 mortuns?“
598 1089 665 1148 Ter.
689 1091 782 1150 Andr.
808 1092 866 1150 891
892 1113 952 1168 sq.:
990 1095 1125 1164 „inuenti
1150 1139 1156 1152 .
1177 1139 1184 1151 .
1204 1139 1211 1151 .
1234 1091 1371 1152 adducti“.

257 1189 386 1267 Adelph.
414 1191 488 1248 331:
522 1193 569 1264 „in
593 1213 653 1268 quo
676 1199 798 1252 nostres
820 1213 887 1270 spes
910 1215 1042 1272 opesque
1064 1183 1167 1254 omnes
1189 1193 1291 1254 sitec“.
1330 1196 1373 1252 An

257 1293 400 1352 credibile
428 1298 487 1365 eet,
517 1293 559 1351 ibi
588 1294 728 1354 Plautum
757 1297 890 1354 omisisse
917 1298 1041 1356 verbum
1069 1298 1301 1370 substantivum,
1327 1296 1372 1354 nbi

256 1399 438 1472 posteriores
460 1415 520 1454 non
543 1403 640 1456 essent
662 1398 779 1471 lecturi,
803 1399 844 1457 ibi
868 1399 965 1458 facere
983 1419 1042 1458 non
1059 1401 1205 1476 potuisse,
1224 1399 1274 1457 ubi
1292 1399 1374 1457 ceteri

256 1501 419 1574 scriptores
442 1499 540 1556 fecere
563 1499 699 1558 soleant?
721 1499 797 1560 Mihi
821 1501 941 1579 quidem
964 1521 1048 1561 secus
1066 1502 1196 1561 videtur.
1230 1502 1289 1560 Nec
1305 1505 1375 1558 enim

257 1601 294 1659 eb
317 1606 381 1658 arte
403 1599 552 1659 rhetorice
581 1603 725 1677 originem
754 1603 839 1662 duxit
863 1604 910 1662 hic
933 1604 1076 1681 loquendi
1104 1625 1178 1662 usus
1211 1603 1263 1662 sed
1285 1625 1301 1660 s
1320 1623 1374 1660 ser

256 1723 343 1762 mone
366 1703 457 1780 vulgi.
502 1703 551 1760 An
574 1703 611 1761 ed
634 1704 815 1764 rhetoricam
845 1708 939 1783 magis
966 1727 1053 1782 quem
1083 1706 1120 1764 nd
1148 1707 1299 1784 vulgarem
1320 1725 1375 1762 ser·

256 1826 372 1865 monem
405 1806 561 1882 pertinent
592 1807 767 1883 proverbia,
802 1809 890 1884 quale
918 1808 1039 1867 Trucul.
1070 1811 1147 1866 872:
1185 1809 1255 1882 „ubi
1288 1793 1374 1878 amici,

255 1908 367 1966 ibidem
389 1906 492 1986 opes“‚
517 1907 584 1966 Ter.
608 1907 725 1966 Phorm.
750 1911 826 1969 454:
860 1911 956 1983 „Quos
977 1911 1121 1982 homines,
1144 1916 1192 1969 tot
1215 1911 1376 1980 sententie,

256 2031 327 2070 suus
350 2013 457 2087 cuique
479 2009 586 2068 mos“?
609 2011 702 2070 Immo
725 2013 844 2089 evulgi
867 2033 1001 2071 sermone
1024 2013 1104 2072 hunc
1124 2033 1237 2072 morem
1260 2012 1378 2070 adscivit

255 2133 303 2172 ars
332 2113 489 2190 gravitatis
518 2113 666 2186 studiose,
697 2115 743 2172 cui
777 2134 959 2193 supervacua
993 2117 1094 2174 omnis
1125 2115 1269 2189 languere
1301 2113 1377 2173 ride·

255 2217 378 2287 bsntnr,
402 2235 454 2272 nec
477 2221 577 2273 temen
600 2237 634 2274 eo
657 2235 751 2293 usque
774 2215 914 2293 progredi
944 2237 1017 2275 ause
1045 2223 1106 2289 est,
1131 2237 1189 2294 qno
1212 2235 1379 2294 progressus

255 2324 321 2377 erat
349 2337 444 2376 sermo
472 2318 613 2396 vulgaris.
660 2317 748 2390 Nem,
776 2323 812 2376 ut
839 2317 1018 2378 infinitivum
1048 2320 1234 2391 omittemus,
1266 2318 1381 2378 erudite

254 2425 353 2480 oratio
381 2421 442 2478 lere
470 2421 500 2477 in
527 2422 619 2478 tertis
650 2439 779 2497 persona
812 2421 969 2498 singularis
1002 2421 1158 2480 indicativi
1191 2421 1274 2480 modi
1308 2416 1380 2494 (est)

254 2522 378 2580 verbum
406 2523 532 2594 omittit,
557 2522 681 2580 Plautus
703 2541 762 2580 non
785 2523 817 2580 in
838 2525 930 2581 tertia
951 2523 1046 2582 solnm
1068 2543 1196 2600 persona
1220 2523 1382 2582 sedetiam

254 2625 286 2682 in
307 2625 406 2700 prims
427 2629 458 2681 et
486 2624 628 2696 secunde,
659 2645 711 2682 nec
739 2625 899 2698 singularis
927 2630 1044 2684 tentum
1070 2627 1185 2684 numeri
1215 2625 1268 2684 sed
1297 2625 1382 2684 etiam

254 2726 395 2804 pluralis;
430 2731 460 2783 et
490 2725 571 2802 quod
600 2726 680 2804 apud
709 2727 777 2784 illos
805 2729 836 2785 in
863 2729 1015 2812 primariis
1043 2729 1197 2786 sententiis
1224 2725 1274 2799 iit,
1305 2725 1382 2805 apud

254 2829 393 2888 Plautum
422 2829 512 2885 etism
540 2830 571 2885 in
600 2829 783 2888 secundariis
811 2829 922 2888 factum
951 2849 1016 2887 esse
1045 2829 1187 2889 videmus.
1234 2829 1294 2888 Sed
1316 2829 1382 2888 talis

254 2948 372 2988 necesse
400 2934 445 2986 est
472 2933 620 2988 sententis
643 2933 697 3002 sit,
721 2951 787 3007 qna
810 2932 857 2990 vel
880 2932 989 2990 omisso
1012 2931 1104 2989 verbo
1127 2932 1256 3006 intelligi
1278 2932 1381 3009 possit,
1474 2963 1475 2980 1

254 3031 352 3090 brevis
375 3031 523 3089 etfacilis
548 3037 578 3088 et
600 3034 631 3090 in
654 3033 717 3092 solo
740 3034 918 3110 praedicate,
942 3035 1004 3092 sive
1027 3033 1204 3092 sdicctivnm
1229 3034 1294 3091 sive
1316 3054 1381 3111 par
1474 3043 1475 3046 ’

252 3135 388 3211 ticipium
410 3135 460 3207 sit,
484 3153 601 3192 ornnem
624 3136 684 3192 vim
707 3134 827 3194 habens.
861 3135 909 3193 Ad
927 3156 1111 3195 communem
1130 3155 1298 3194 sermonem
1317 3155 1382 3212 per·

253 3240 350 3296 tinent
372 3238 562 3312 exceptiones
577 3235 733 3296 Ritschelii
757 3235 800 3315 (p
819 3234 913 3312 exn:
942 3234 1188 3312 „rsudiltssextus
1210 3257 1279 3296 cum
1302 3238 1381 3295 simi·

253 3342 345 3413 libne,
376 3359 430 3398 usu
458 3340 656 3414 frequentate
683 3335 799 3399 micton
826 3337 862 3398 ni
894 3347 924 3398 et
957 3337 1071 3400 mirum
1100 3337 1174 3416 quin
1204 3339 1380 3410 locutiones,

253 3461 368 3520 voxque
397 3437 483 3519 potis
515 3441 563 3499 rel
590 3439 696 3516 pote“.
753 3442 866 3500 Eodem
899 3447 1067 3518 pertinent,
1102 3463 1168 3520 qnae
1195 3441 1318 3500 Brixins
1345 3439 1382 3499 ad

252 3543 424 3603 Menaechm.
450 3545 511 3603 33⁷
535 3543 674 3602 addenda
695 3563 759 3602 esse
780 3545 871 3616 vidit,
902 3546 1032 3621 primum
1062 3545 1122 3602 alia
1145 3545 1281 3620 exempla
1303 3544 1382 3602 vocis

250 3644 377 3720 mirum,
400 3645 508 3723 Amph.
523 3647 600 3704 947:
626 3647 752 3718 „mirum
776 3643 879 3724 quid“.
914 3645 1033 3705 Trucul.
1048 3647 1123 3704 304:
1151 3645 1253 3718 „Nihil
1275 3647 1380 3702 mirum

251 3779 295 3788 -
316 3754 405 3806 uetus
427 3753 473 3807 est
494 3749 624 3805 maceria
647 3777 688 3788 -
710 3750 820 3808 lateres
843 3751 868 3806 ei
891 3754 1010 3807 ueteres
1033 3745 1155 3806 ruunt“.
1189 3747 1257 3805 Ter.
1273 3747 1379 3806 Heant.

252 3853 324 3910 245.
370 3850 441 3908 lieo.
467 3851 544 3908 22οε
583 3849 734 3922 „Minume
767 3849 906 3911 mirum“.
952 3851 1022 3910 liec.
1050 3854 1124 3910 160:
1161 3849 1247 3922 „Non
1274 3849 1380 3927 edepol

251 3949 390 4010 mirum“.
437 3953 531 4010 Cicer.
556 3952 593 4010 de
616 3951 742 4012 Oret-ore
765 3954 808 4026 Π,
837 3956 889 4026 13,
915 3955 970 4012 55:
1003 3953 1153 4027 „Minume
1176 3955 1301 4025 mirum,
1324 3950 1379 4011 si“.

251 4053 367 4113 Deinde
394 4051 559 4113 sententies
587 4052 820 4130 comparatione,
850 4055 953 4132 quales
975 4062 1045 4114 eunt
1065 4055 1151 4144 Men..
1171 4056 1247 4114 603:
1280 4053 1379 4128 „Nihfl

250 4155 308 4214 hoc
331 4153 558 4214 confidentins“.
605 4157 680 4214 618:
715 4155 816 4229 „Nihil
844 4157 900 4215 hoc
928 4157 1047 4216 homine
1069 4153 1242 4216 audacius“.
1287 4157 1379 4216 Most.

251 4260 328 4318 275:
372 4257 472 4330 „Nihil
509 4259 565 4316 hee
598 4257 693 4342 'docta
730 4257 877 4317 doctius“.
939 4258 1004 4316 Mil.
1037 4261 1114 4318 309:
1157 4259 1255 4332 „Quid
1294 4260 1378 4335 peius

250 4359 373 4419 muliere
406 4366 496 4436 atque
530 4357 710 4418 audacius?“
763 4360 829 4418 Ter.
858 4359 933 4418 Eun.
965 4362 1019 4418 50:
1064 4362 1126 4432 „nil
1163 4363 1248 4438 prins
1283 4381 1378 4438 nequo
