2956 5018
140 503 164 572 1,
179 509 205 572 1,
218 505 315 559 48-77
642 504 777 558 Asinaria

622 694 798 760 Libanus

187 802 354 868 Posterius
377 803 461 866 istuc
485 801 567 866 dicis
590 824 689 886 quam
713 803 811 868 eredo
834 802 905 867 tibi.

571 909 844 976 Demaenetus

188 1018 306 1084 Omnes
329 1025 495 1102 parentes,
518 1018 651 1098 Libane,
674 1018 785 1083 liberis
809 1021 885 1098 suia,

188 1127 249 1205 Qui
271 1127 351 1190 mihi
373 1127 616 1206 auscultabunt,
638 1125 762 1190 facient
785 1126 1050 1212 obsequentiam3

187 1234 327 1318 [Quippe
351 1235 407 1320 qui
430 1255 524 1316 mage
548 1236 652 1298 amico
675 1240 813 1299 utantur
836 1241 935 1317 gnato
959 1242 992 1300 et
1013 1236 1166 1302 beniuolo
1175 1235 1197 1318 ;]
1237 1245 1271 1297 65

186 1343 293 1427 Atque
317 1365 377 1426 ogo
401 1364 452 1407 me
475 1342 508 1407 id
530 1339 640 1406 faeere
663 1341 796 1422 studeo;
819 1343 895 1408 uolo
919 1345 1024 1409 amari
1045 1365 1065 1408 a
1087 1345 1177 1424 meis,

185 1450 269 1516 Uolo
293 1472 344 1515 me
368 1451 471 1534 patris
493 1451 557 1515 mei
580 1451 727 1530 similem,
752 1451 808 1532 qni
830 1471 933 1516 causa
954 1473 1028 1518 mea

186 1558 378 1624 Nauclerico
400 1558 471 1641 ipse
494 1564 613 1623 ornatu
635 1581 696 1642 per
716 1555 884 1624 fallaciam

188 1667 291 1745 Quam
314 1665 467 1730 amabam
488 1665 627 1730 abduxit
648 1666 690 1731 ab
712 1667 830 1732 lenone
853 1666 1037 1748 mulierem3

186 1775 300 1858 Neque
323 1775 441 1858 puduit
464 1797 538 1839 eum
559 1774 593 1839 id
616 1775 737 1840 aetatis
759 1774 994 1858 sycophantias
1237 1777 1271 1830 70

187 1883 319 1949 Stmere
342 1888 377 1947 et
397 1883 564 1948 beneficiis
588 1903 638 1948 me
662 1903 770 1947 emere
793 1889 928 1964 gnatum
951 1904 1045 1948 suum
1068 1883 1140 1950 sibi.

187 1991 251 2056 Eos
273 2013 325 2056 me
349 1990 552 2056 decretumst
574 1991 728 2076 persequi
750 2011 857 2056 mores
880 1991 993 2073 patris.

186 2099 271 2163 Nam
292 2121 344 2164 me
365 2098 463 2164 hodie
485 2101 595 2165 orauit
616 2099 818 2182 Argyrippus
840 2097 937 2178 filius,

186 2208 244 2274 Uti
265 2207 328 2272 sibi
351 2209 476 2272 amanti
498 2207 642 2272 lacerem
666 2207 794 2290 argenti
818 2207 963 2289 copiam3

186 2315 230 2382 Et
250 2317 284 2380 id
307 2335 367 2397 ego
389 2317 547 2399 percupio
570 2315 707 2397 obsequi
729 2319 828 2398 gnato
853 2335 936 2394 meo,
1237 2317 1271 2369 75
1399 2361 1404 2371 .

188 2423 285 2506 [Uolo
308 2423 413 2494 amori
435 2423 626 2488 obsecutum
648 2423 744 2502 illius,
766 2421 843 2488 uolo
867 2429 955 2486 amet
978 2441 1028 2488 me
1051 2423 1203 2508 patrem]

187 2532 392 2614 Quamquam
413 2530 506 2594 illum
527 2538 634 2595 mater
657 2536 729 2594 arte
753 2536 971 2613 contenteque
994 2530 1103 2614 habet,

186 2639 300 2704 Patres
323 2645 362 2704 ut
384 2645 597 2719 consuerunt;
621 2659 680 2721 ego
703 2637 799 2702 mitto
823 2639 932 2702 omnia
953 2638 1045 2720 haec,

185 2748 383 2812 Praesertim
405 2746 553 2830 quomis
575 2767 627 2810 me
650 2745 783 2828 dignum
805 2745 882 2828 quoi
905 2746 1118 2812 concrederet
1234 2794 1237 2802 .

187 2854 319 2920 Habuit.
353 2854 407 2918 Me
427 2853 550 2919 habere
573 2852 729 2918 honorem
753 2854 823 2918 eius
845 2853 976 2936 ingenio
1000 2853 1103 2934 decet,
1236 2863 1271 2915 80

188 2963 292 3039 Quom
315 2982 366 3025 me
389 2961 486 3040 adiit,
509 2966 547 3025 ut
567 2960 746 3044 pudentem
774 2967 909 3044 gnatum
937 2967 1109 3046 aequomst
1132 2951 1269 3044 patrem.
1369 2975 1373 2985 '

188 3068 292 3154 Cupio
315 3089 387 3134 esse
410 3070 537 3138 amicae
561 3067 648 3153 quod
671 3068 729 3132 det
751 3074 923 3152 argentum
947 3091 1035 3135 suae.

620 3175 795 3240 Libanus

188 3281 285 3368 Cupis
306 3283 350 3364 id,
374 3283 461 3367 quod
485 3305 603 3369 cupere
626 3288 660 3348 te
683 3284 882 3366 nequiquam
903 3283 1073 3368 intellego;

187 3390 338 3456 Dotalem
361 3412 492 3456 seruom
511 3391 668 3456 Sauream
691 3412 774 3455 uxor
795 3396 854 3455 tua

187 3498 339 3579 Adduxit,
362 3501 441 3582 quoi
462 3499 536 3582 plus
557 3500 712 3564 in'manu
735 3499 778 3564 sit
801 3519 898 3581 quam
921 3499 991 3563 tibi.
1235 3500 1270 3552 8⁵

571 3606 841 3671 Demaenetus

187 3713 365 3797 Argentum
388 3714 508 3798 accepi,
533 3713 610 3779 dote
633 3715 795 3797 inperium
817 3713 960 3778 uendidi.
1067 3753 1069 3759 ·

186 3819 406 3904 Nune-uerba
427 3822 461 3885 in
483 3841 591 3904 pauca
613 3822 779 3887 conferam
802 3821 880 3904 quid
903 3828 936 3886 te
959 3821 1068 3888 uelim.

186 3927 310 4010 Uiginti
331 3931 397 3994 iam
419 3935 513 3994 usust
534 3929 601 3994 filio
626 3929 756 4012 argenti
776 3930 888 4010 minis;

186 4036 270 4102 Face
293 4037 326 4100 id
348 4041 386 4102 ut
408 4041 561 4120 paratum
582 4037 647 4101 iam
669 4039 720 4102 sit.

210 4292 245 4345 64
262 4291 452 4360 obsequellam
532 4293 567 4345 66
585 4292 673 4345 amori
747 4292 782 4346 68
800 4289 947 4347 Nauelerio
1021 4295 1055 4348 77
1073 4298 1269 4364 contemteque

142 4373 214 4431 Poe
229 4377 269 4430 82
286 4377 414 4443 amaror
429 4377 657 4432 cormaco-51.

1030 4481 1063 4535 6*
