2992 5054
720 425 812 480 Plauti
1112 424 1133 494 1,
1148 430 1170 493 1,
1181 427 1295 492 294-2,
1307 429 1339 480 13

577 697 583 708 ·
656 615 884 681 Mercurius

625 723 810 805 Quadrigas
832 724 861 788 si
882 743 971 788 nnnc
991 723 1164 790 inscendas
1187 723 1277 790 Iouis

203 832 311 915 Atque
332 831 409 896 hino
431 830 547 915 fugias,
569 832 617 898 ita
639 835 694 898 uix
717 833 844 918 poteris
867 830 1018 913 ecfugere
1041 832 1264 898 infortunium.

712 940 828 1007 Sosia

203 1048 319 1114 Nonne
343 1069 420 1114 erae
444 1069 536 1114 meae
559 1051 722 1128 nuntiare,
745 1050 833 1131 quod
857 1069 931 1115 erus
953 1071 1044 1115 meus
1066 1051 1170 1130 iussit
1193 1049 1296 1115 licet?

656 1159 883 1224 Mercurius

203 1266 293 1336 Tuae
316 1265 421 1347 siquid
444 1265 494 1330 uis
516 1267 646 1346 nuntia3
668 1273 703 1331 te
725 1267 812 1332 hanc
834 1273 980 1332 nostram
1008 1267 1098 1332 adire
1126 1289 1192 1332 non
1219 1267 1336 1332 sinam.

204 1375 288 1440 nam
311 1375 337 1439 s
359 1395 410 1439 me
433 1374 606 1454 muamus,
629 1374 727 1440 ioue
749 1373 993 1460 lumbifragium
1015 1356 1091 1441 uio
1114 1375 1252 1442 amara.
1282 1385 1339 1438 450

711 1484 828 1550 Sosia

203 1591 294 1658 Abeo
317 1591 434 1676 potius.
468 1591 510 1657 Di
531 1592 732 1672 inmortales,
755 1592 892 1658 obsecro
914 1601 1061 1660 nostram
1082 1591 1189 1680 fidem,

203 1700 267 1765 Ubi
284 1721 343 1784 ego
362 1700 467 1796 perii?¹
488 1700 545 1766 ubi
561 1701 741 1766 inmutatus
760 1702 853 1766 sum?
875 1701 932 1767 ubi
951 1721 1011 1783 ego
1028 1701 1167 1767 formam
1180 1701 1336 1786 perdidi?

203 1810 251 1874 An
276 1814 404 1892 egomet
426 1830 478 1874 me
500 1809 570 1874 illio
592 1809 720 1892 reliqui,
744 1811 772 1875 si
793 1809 877 1876 lorte
901 1809 1023 1875 oblitus
1045 1808 1114 1874 fui?

203 1918 288 1983 Nam
315 1917 529 2000 hicquidem
558 1939 685 1984 omnem
713 1919 889 2002 imaginem
916 1939 1039 1998 meam,
1074 1939 1158 2000 quae
1191 1917 1335 1984 antehac

920 2025 1038 2106 fuerat,
1062 2027 1216 2111 possidet.

202 2136 287 2202 Uiuo
310 2135 357 2215 fit,
382 2133 470 2218 quod
491 2157 670 2218 numquam
692 2137 864 2220 quisquam
885 2141 1016 2202 mortuo
1038 2134 1139 2200 faciet
1161 2135 1248 2200 mihi.
1279 2143 1334 2197 416

202 2246 261 2310 Ibo
284 2244 327 2310 ad
349 2249 477 2327 portum
502 2249 602 2327 etque
624 2243 708 2311 haec
728 2251 767 2312 ut
788 2251 865 2312 eunt
886 2242 986 2325 facta,
1010 2265 1067 2310 ero
1091 2244 1200 2310 dicam
1221 2265 1308 2322 mem

201 2354 273 2419 Nisi
296 2355 395 2418 etiam
417 2355 445 2418 is
468 2374 597 2437 quoque
620 2375 672 2418 me
693 2354 868 2436 ignorabit,
891 2352 979 2436 quod
1002 2352 1058 2418 ille
1077 2350 1159 2419 faxit
1172 2352 1330 2437 Iuppiter,

202 2462 249 2529 Ut
271 2483 330 2545 ego
352 2461 449 2527 hodie
471 2483 546 2527 raso
570 2463 677 2544 capite
701 2463 812 2528 calucs
836 2463 963 2546 capiam
984 2460 1115 2544 pileum

655 2571 882 2636 Mercurius

245 2680 334 2745 Bene
357 2700 578 2764 prospereque
602 2678 664 2744 hoc
685 2679 792 2762 operis
814 2678 977 2762 processit
998 2678 1092 2744 milri:

245 2789 363 2854 Amoui
385 2811 405 2853 a
426 2787 551 2853 foribus
574 2809 761 2854 maxumam
783 2788 976 2866 molestiam,
1279 2784 1331 2836 460

245 2897 336 2962 Patri
358 2905 396 2962 ut
417 2897 532 2962 liceret
553 2903 626 2962 tuto
649 2897 741 2962 illam
763 2895 990 2980 amplexarier.

245 3005 316 3070 Iam
338 3005 394 3070 ille
416 3005 496 3070 illuc
519 3004 561 3070 ad
584 3027 676 3071 erum
698 3025 797 3090 quom
818 3005 1091 3088 Amphitruonem
1113 3003 1294 3082 aduenerit,

244 3113 403 3179 Narrabit
425 3135 552 3178 seruom
577 3114 654 3180 hinc
676 3135 747 3180 sese
771 3135 792 3178 a
812 3111 938 3179 foribus
961 3112 1087 3179 Sosiam

245 3223 430 3302 Amouisse;
452 3221 509 3288 ille
531 3222 615 3288 adeo
637 3221 730 3288 illum
751 3223 882 3288 mentiri
904 3220 967 3286 sibi

247 3329 368 3395 Credet
389 3351 495 3412 neque
518 3331 631 3396 credet
653 3330 717 3396 hnc
739 3329 933 3415 profectum,
957 3336 995 3394 nt
1016 3329 1166 3394 iusserat.
1280 3336 1332 3390 461

246 3439 375 3504 Erroris
399 3439 495 3505 ambo
519 3460 578 3522 ego
601 3439 675 3505 illos
698 3446 732 3507 et
755 3439 940 3504 dementiae

247 3547 415 3632 Conplebo
438 3555 538 3631 atque
562 3569 691 3614 omnem
712 3546 958 3631 Amphitruonis
979 3546 1148 3624 familiam,

245 3657 335 3723 Adeo
359 3679 460 3740 usque
482 3658 670 3722 satietatem
692 3657 769 3722 dum
793 3657 902 3740 capiet
924 3662 1018 3739 pater

247 3766 346 3846 Illius,
370 3788 467 3849 quam
490 3771 596 3846 amat3
617 3765 718 3848 igitur
741 3765 871 3830 demum
893 3783 1005 3829 omnee
1027 3765 1140 3844 scient,

247 3876 337 3952 Quae
360 3875 458 3940 facta.
491 3875 640 3958 Denique
662 3873 876 3938 Alcumenam
898 3872 1046 3956 Iuppiter
1280 3873 1333 3925 4⁷0

246 3984 385 4068 Rediget
409 3985 577 4066 antiquam
600 3983 730 4065 coniugi
752 3983 785 4046 in
809 3979 1027 4048 concordiam.

271 4244 322 4296 449
341 4203 473 4294 sinuare
508 4243 560 4294 450
577 4239 807 4308 lumbifrrngium
842 4240 895 4292 454
912 4243 989 4292 suam
1024 4239 1076 4292 aar
1089 4237 1176 4291 fuiss
1209 4199 1261 4291 aaa
1275 4237 1332 4292 hoc

203 4327 287 4381 hodie
306 4327 397 4394 operis
451 4328 502 4380 463
521 4325 653 4379 Namauit
705 4327 753 4378 471
773 4325 802 4378 in
820 4324 1000 4378 concordiam
1018 4323 1147 4391 coniugis
