2960 5038
570 494 782 566 Prolegomena.
1177 501 1238 562 209

89 688 210 764 βραδύς
233 697 279 748 est
301 690 501 749 Romanorum
523 691 644 764 bardus,
667 697 749 769 κρίνω
773 711 869 764 cerno,
894 694 1016 768 κράνιιοι
1038 711 1154 762 coruus,
1178 714 1239 768 κρο-
1288 720 1291 726 ’

91 777 230 858 adduam
252 793 435 866 corcodilus,
458 795 783 867 v.1>haedr.1,27‚4
806 802 838 853 et
861 797 889 852 6.
913 794 1045 853 Martial.
1067 793 1121 866 ΠΙ,
1140 795 1189 867 93,
1209 797 1239 854 7.

91 891 167 952 Sed
196 913 234 953 ne
262 895 374 972 ubique
398 895 479 973 apud
501 895 640 954 Plautum
660 899 822 974 tarpessita
844 895 1001 970 scribatur,
1026 896 1128 955 obstat
1150 896 1238 974 Epid.

96 997 187 1069 144;
211 998 249 1056 cf.
272 1018 364 1076 supra
384 1019 415 1076 p.
439 1001 511 1058 202.

196 1099 350 1178 Correptio
369 1102 464 1176 longis
488 1102 624 1179 exempla
644 1103 774 1178 primum
794 1105 989 1160 inveniuntur
1012 1102 1092 1179 apud
1114 1097 1126 1160 l
1148 1105 1240 1178 gemi-

92 1207 231 1274 natum,
271 1207 307 1261 ut
341 1201 513 1275 „Callicles“
556 1204 644 1263 Truc.
679 1207 739 1264 813
778 1207 877 1283 prima
914 1205 998 1263 brevi
1038 1225 1073 1264 ac
1111 1204 1240 1264 fortasse

99 1302 295 1378 „Achilles“,
318 1325 348 1362 v.
367 1305 477 1364 Miiller
498 1327 528 1383 p.
547 1308 618 1366 231.
659 1307 774 1365 Deinde
796 1313 831 1365 ut
852 1306 932 1386 apud
956 1307 1076 1366 Graeccs
1099 1329 1157 1373 αιος
1179 1328 1239 1366 ιιοιι

95 1427 274 1482 numquam
303 1408 521 1486 diphthongum
549 1411 674 1487 corripit
705 1407 746 1484 (v.
769 1409 885 1482 Christ,
907 1411 1020 1468 histriis
1042 1429 1071 1487 p.
1095 1407 1165 1484 20),
1196 1411 1240 1468 ita

96 1509 191 1586 apud
213 1509 356 1569 Plautum
383 1530 438 1588 pro
467 1527 534 1570 oesw
560 1511 711 1570 interdum
738 1511 773 1570 fit
802 1529 870 1586 aua,
898 1533 927 1571 v.
949 1513 1033 1571 Asin.
1058 1515 1116 1572 331
1146 1532 1239 1584 „mer-

96 1614 204 1670 catori
227 1611 361 1672 Pelleo“.
392 1613 455 1672 hlil.
475 1615 537 1672 438
561 1619 591 1671 et
614 1616 674 1673 808
702 1611 840 1687 „Dicea“.
869 1615 954 1692 Capt.
974 1617 1034 1673 556
1062 1612 1235 1687 „Alcmeus“

96 1735 163 1792 pro
194 1715 373 1774 Alcmaeone.
416 1716 568 1774 Praeterea
599 1714 738 1788 „Chium“
771 1717 856 1776 Cure.
880 1719 919 1776 78
948 1717 1031 1775 brevi
1064 1717 1237 1793 penultima,

102 1816 269 1890 „schema“
294 1818 401 1894 rinph.
423 1818 493 1891 117,
517 1818 597 1895 quod
613 1839 720 1896 parum
739 1819 909 1878 defenditur
926 1819 1113 1894 Hesychiana
1131 1819 1238 1896 glossa,

98 1919 192 1998 apud
213 1919 333 1979 Graecos
355 1923 446 1979 etiam
467 1920 567 1994 fuisse,
591 1923 642 1999 qui
664 1925 754 1996 σχέμα
775 1942 831 1999 pro
855 1927 947 1998 σχῆμα
970 1921 1111 1981 dicerent.
1146 1921 1240 1993 Quam

97 2023 237 2081 licenter
258 2025 375 2100 antiqui
392 2023 519 2082 Romani
533 2023 638 2083 Graeca
659 2026 780 2083 nomina
803 2025 841 2082 ad
863 2045 948 2083 suam
970 2026 1103 2098 linguam
1125 2043 1239 2082 accom-

99 2125 314 2198 modaverint,
343 2131 373 2184 et
401 2127 520 2185 aliunde
547 2131 652 2186 notum
680 2135 726 2185 est
755 2133 786 2186 et
813 2129 845 2186 in
866 2125 922 2187 hoc
945 2129 1156 2187 commentario
1179 2145 1239 2184 non

100 2247 273 2304 numquam
296 2230 583 2288 commemorabitur.

665 2454 693 2512 3.

349 2589 401 2645 De
425 2589 540 2646 vocali
563 2589 684 2646 addita
707 2593 744 2646 et
766 2587 811 2645 de
833 2602 1003 2658 syncope.

196 2741 232 2801 In
260 2743 490 2820 pronuntiandis
519 2745 642 2804 vocibus
663 2745 708 2802 ita
729 2743 880 2802 interdum
908 2745 1092 2820 antiquiores
1114 2741 1239 2800 Romani

102 2847 297 2924 Plautusque
319 2865 337 2904 a
357 2847 574 2922 posterioribus
596 2846 784 2918 differebant,
808 2851 841 2904 ut
860 2845 1005 2920 syllabam
1023 2851 1076 2902 aut
1094 2844 1240 2902 adderent

105 2955 167 3008 aut
185 2951 359 3007 eximerent.
392 2947 540 3007 Eximitur
558 2948 674 3025 syllaba
698 2955 751 3006 aut
772 2967 827 3026 par
850 2967 999 3025 syncopen
1023 2953 1075 3006 aut
1096 2968 1152 3025 per
1171 2966 1242 3005 eon*

102 3053 306 3122 tractionem
330 3050 451 3108 additur
473 3052 616 3110 facilioris
637 3053 893 3129 pronuntiationis
917 3069 1007 3108 causa
1028 3053 1060 3108 in
1078 3052 1163 3108 novis
1179 3048 1239 3106 for-

104 3153 303 3225 mationibus,
325 3155 453 3211 maxime
476 3155 502 3211 si
524 3174 583 3230 qua
605 3153 643 3214 de
666 3153 771 3213 Graeca
793 3155 895 3226 lingua
917 3153 1099 3211 derivantur.

198 3255 274 3314 Nam
293 3256 375 3332 quod
386 3255 497 3315 Graecis
515 3257 787 3333 frequentissimum
806 3261 880 3329 erat,
903 3260 938 3313 ut
960 3257 1134 3332 iungeretur
1155 3257 1241 3310 muta

107 3378 279 3418 consonans
301 3377 366 3418 cum
388 3358 503 3436 liquida
528 3355 580 3432 (ul,
602 3383 646 3434 κμ,
668 3381 707 3426 κν,
730 3381 775 3426 nc,
796 3355 839 3432 τι)
862 3364 952 3435 atque
975 3359 1065 3416 etism
1086 3381 1105 3432 μ
1129 3375 1195 3413 cum
1216 3377 1240 3422 ι,

106 3460 144 3518 id
171 3459 286 3518 Latinae
319 3461 427 3537 lingue
460 3461 610 3520 horridius
640 3461 812 3534 videbatur,
844 3481 937 3538 qnare
966 3460 996 3518 in
1024 3457 1239 3518 transferendis

109 3561 224 3621 Grecis
251 3563 421 3621 nominibus
448 3563 533 3622 brevi
560 3564 658 3623 vocali
689 3564 793 3622 addita
815 3583 990 3622 concursum
1013 3560 1240 3620 consonantium

107 3665 229 3724 mollire
251 3664 423 3723 studebant.
465 3665 646 3724 Addebatur
667 3672 767 3724 autem
788 3683 809 3724 ιι
832 3670 902 3723 ante
925 3660 936 3724 l
958 3669 989 3722 et
1010 3679 1057 3736 m,
1080 3659 1094 3720 ι’
1116 3667 1187 3720 ante
1207 3676 1239 3720 ιι.

109 3767 279 3826 Insiticium
311 3767 445 3826 vocalem
477 3768 586 3826 cultior
618 3773 691 3826 aetss
720 3769 897 3846 plerumque
928 3769 1024 3824 eiecit.
1068 3765 1181 3823 Mansit
1207 3764 1241 3821 in

109 3869 290 3947 AEsculapio
318 3866 501 3944 (Ἀσκλήπιος)
533 3876 564 3928 et
586 3871 712 3930 Hercule
741 3865 914 3946 (Ἡρακλῆς);
943 3867 1111 3926 Patroclem
1139 3871 1241 3944 poste·

110 3973 207 4031 riores
242 3971 395 4044 dicebant,
430 3993 518 4050 quem
551 3975 668 4050 antiqui
694 3972 873 4031 Patricolom
907 3971 1054 4030 dixerant.
1099 3970 1241 4045 Antiquis

111 4073 318 4152 usurpabatur
338 4075 516 4148 Alcumena,
539 4076 705 4149 Aloumaeo,
730 4075 920 4146 Tecumessa,
945 4077 1036 4150 atque
1060 4075 1149 4130 etiam
1172 4073 1240 4129 dra·

114 4177 219 4236 chuma
242 4173 393 4254 (δραχμή);
414 4183 479 4237 tum
500 4177 788 4251 Procius-(lucinus
812 4172 958 4250 (Κύκνος),
983 4177 1103 4234 techina
1125 4169 1239 4249 (τέχνη),

113 4279 229 4341 lucinus
253 4277 390 4355 (λύχνος),
419 4279 571 4359 Daphine‚
605 4281 763 4354 Ariadine‚
797 4282 1011 4356 gymiuasium,
1045 4280 1140 4352 mins,
1174 4295 1239 4355 quae

114 4382 211 4444 forma
233 4402 352 4460 semper
372 4384 493 4442 mansit.

1005 4497 1038 4550 14
