2960 5038
576 515 786 586 Prolcgomena.
1183 525 1243 586 211

189 702 232 767 Ε
255 715 374 768 constat
395 711 426 767 in
447 709 573 768 flexione
596 713 747 769 nominum
771 716 801 770 et
824 711 1039 768 adiectivorum
1060 711 1094 768 in
1116 727 1150 770 er
1166 712 1244 770 desi-

91 813 250 868 nentium
274 811 468 871 antecedente
486 819 568 872 muta
585 814 722 872 excidere
739 814 845 885 solere,
863 834 918 872 neo
934 820 1033 871 tamen
1049 815 1082 871 in
1099 814 1242 872 omnibus.

92 912 189 999 Quod
217 915 262 972 ad
284 915 424 973 Plautum
447 918 567 990 attinet,
592 917 653 974 iere
676 937 792 993 semper
815 911 945 975 dextera
972 914 1125 989 scribitur,
1150 936 1244 994 eaque

91 1014 200 1073 forma
234 1017 424 1074 restituenda
451 1023 497 1076 est
517 1018 625 1095 Amph.
650 1020 721 1078 916.
746 1018 831 1076 Cure.
857 1019 934 1091 3393
968 1015 1140 1090 „dextram“
1173 1038 1243 1077 vero

93 1117 188 1176 Cure.
219 1121 296 1192 307,
324 1117 480 1192 „dextrae“
505 1121 598 1179 Mero.
617 1122 688 1193 954,
716 1118 978 1193 ,dextronorsum“
1003 1123 1122 1199 saepius.
1156 1121 1243 1180 Simi-

91 1219 171 1277 liter
190 1220 233 1279 fit
251 1224 283 1280 in
299 1241 363 1280 voc.
381 1243 410 1299 q.
425 1243 449 1280 e.
468 1217 557 1295 aller,
581 1243 649 1282 nam
676 1219 820 1295 „altrum“
845 1208 1101 1298 pronuntiandum
1122 1223 1244 1282 videtur

92 1321 189 1398 ant.
219 1326 251 1397 8,
279 1321 392 1398 „altra“
418 1325 500 1384 Pers.
525 1328 595 1384 227.

189 1426 244 1485 De
278 1428 423 1504 aphereai
455 1429 567 1486 vocahs
600 1429 630 1486 in
663 1427 766 1486 formis
800 1427 862 1500 est,
897 1443 946 1500 63,
980 1447 1071 1505 supra
1104 1429 1240 1488 diximus.

93 1525 155 1585 Hic
181 1549 264 1588 vero
288 1530 545 1588 commemoranda
568 1536 613 1589 est
633 1536 706 1589 nota
728 1531 779 1588 illa
802 1549 931 1606 syncope
950 1531 981 1588 in
998 1533 1158 1605 praeteritis
1177 1551 1242 1590 var·

93 1627 225 1705 borum,
251 1632 303 1691 ubi
324 1630 338 1691 i
359 1634 437 1690 inter
459 1632 518 1691 dno
536 1648 553 1692 s
571 1635 731 1705 omittitur,
754 1631 837 1690 velut
856 1632 939 1702 dixti,
964 1631 1058 1704 duxti,
1081 1633 1240 1706 intellexti,

95 1733 222 1806 vinxti,
244 1735 356 1812 pinati,
381 1739 527 1808 emunxti,
551 1737 709 1808 instruxti,
731 1735 826 1806 vexti,
850 1736 963 1810 spexti,
986 1735 1081 1806 misti,
1111 1735 1240 1808 discesti,

98 1836 252 1910 occlusti,
282 1838 431 1912 inmersti,
460 1841 593 1914 scripsti,
623 1839 755 1914 accepsti
783 1837 836 1909 al.,
865 1841 1012 1912 preterea
1028 1828 1123 1909 dixe,
1152 1837 1240 1910 duxe,

96 1955 190 2010 vexa,
217 1945 312 2012 traxe,
336 1959 435 2017 spexe,
459 1941 566 2014 inlexe,
589 1941 741 2012 intellexa,
765 1938 902 2012 admisse,
926 1939 993 1996 aha.

192 2041 363 2118 Singularis
386 2043 522 2120 quedam
540 2063 667 2119 syncope
685 2041 721 2099 fit
738 2043 769 2100 in
785 2061 850 2101 voc.
869 2061 897 2117 q.
916 2061 941 2100 e.
969 2037 1137 2113 „satietss“,
1160 2042 1240 2100 unde

102 2142 242 2212 ,satias“
267 2144 311 2203 fit.
355 2145 404 2203 Ad
431 2146 488 2205 hoc
511 2145 678 2222 exemplum
701 2144 831 2202 arbitror
854 2145 944 2202 etiarn
971 2141 1157 2219 „pndiciam“
1181 2163 1240 2221 pro

105 2243 325 2320 „pudicitiam“
345 2251 574 2325 pronuntiatum
591 2267 655 2307 esse
666 2246 774 2323 Amph.
788 2247 859 2304 923.
875 2245 931 2321 Ep.
945 2247 1004 2304 401
1020 2249 1050 2303 et
1064 2243 1235 2318 ,amiciam“

100 2345 201 2406 More.
216 2349 279 2408 834
291 2346 435 2424 (,Vitam,
448 2353 618 2423 amicitiam,
637 2351 798 2421 ciuitatem,
816 2349 957 2422 laetitiam,
975 2347 1087 2421 ludtn,
1106 2345 1239 2422 iocum“)

102 2455 134 2506 et
173 2449 357 2524 „inbnicias“
393 2452 474 2512 Pers.
499 2455 560 2512 354
599 2450 700 2526 (,Non
733 2453 787 2529 sigo
820 2453 991 2510 inimicitias
1020 2451 1114 2509 tmnis
1143 2453 1239 2529 pluris

102 2552 282 2629 dstnmffl).
314 2555 425 2614 Saltem
438 2555 579 2614 Horatius
602 2557 644 2613 sic
671 2551 853 2634 ,puertiam“
879 2573 934 2630 pro
961 2551 1127 2631 ,pueritia“
1148 2554 1203 2613 Od.
1216 2555 1239 2628 Ι,

105 2657 156 2731 36,
172 2659 210 2732 8;
233 2647 294 2718 nec'
308 2657 404 2718 multo
422 2659 511 2716 aliter
531 2655 719 2732 ,infelicent“
740 2656 839 2716 Plaut.
852 2657 943 2715 Mero.
958 2657 1030 2715 427.
1064 2655 1239 2734 Spengelius

104 2761 231 2834 quidem
253 2762 369 2838 aliique·
381 2767 413 2819 et
429 2763 460 2819 in
477 2781 542 2821 voc.
560 2781 588 2837 q.
608 2781 632 2819 e.
650 2760 797 2838 pudicitia
814 2765 845 2818 et
865 2762 898 2818 in
920 2761 987 2818 aliis
1009 2761 1112 2819 multis
1134 2763 1239 2835 primae

104 2862 231 2936 syllabae
258 2863 391 2922 vocalem
419 2883 546 2941 syncope
574 2863 720 2922 sublatam
747 2865 907 2940 putarunt,
936 2862 980 2922 ite
1001 2865 1036 2920 ut
1057 2883 1113 2940 pro
1135 2883 1238 2922 mono-

105 2962 232 3038 syllabis
260 2970 360 3023 essent
384 2965 491 3042 pndet,
519 2968 616 3042 piget,
645 2965 742 3036 lubet,
772 2963 872 3037 decet,
902 2963 996 3041 apud,
1025 2970 1140 3037 tamen,
1164 2967 1237 3038 sine,

106 3067 220 3140 malus,
243 3065 355 3139 bonne,
378 3066 464 3140 male,
487 3068 573 3141 bene,
596 3087 710 3140 manus,
734 3066 848 3140 domas,
874 3085 951 3137 erus,
974 3085 1090 3142 parum,
1113 3087 1237 3142 merum,

73 3228 76 3234 ,
105 3185 206 3244 senex,
230 3169 342 3243 colunt,
367 3170 477 3243 dolent,
502 3169 598 3242 dolas,
622 3169 720 3241 velim,
741 3169 857 3240 volunt,
881 3167 972 3240 voles,
993 3168 1142 3244 voluptas,
1162 3170 1236 3242 alia,

107 3272 190 3346 quod
211 3271 285 3330 mihi
303 3272 424 3349 quidem
441 3291 507 3330 cum
520 3271 648 3330 Miillero
671 3271 797 3347 aliisque
819 3288 942 3346 prorsus
959 3269 1136 3328 incredibile
1154 3271 1237 3328 vide·

106 3375 170 3448 tur,
194 3395 249 3433 nec
271 3374 354 3432 alind
375 3373 425 3432 hic
446 3373 557 3432 factum
579 3393 643 3432 esse
665 3379 803 3450 putamus
826 3392 916 3450 quam
945 3377 1114 3449 correptam
1136 3377 1236 3449 poste·

107 3475 217 3535 rioram
250 3475 395 3552 syllabam
427 3474 475 3534 vel
506 3480 633 3554 propter
665 3475 845 3536 brevitatem
873 3475 981 3550 prioris
1010 3475 1059 3532 vel
1086 3477 1236 3552 positione

107 3578 251 3655 neglecta.

658 3714 687 3772 4.

396 3851 449 3906 De
472 3847 726 3907 contrahendis
750 3848 945 3908 vocalibus.

189 3983 359 4044 Priscianus
386 4005 415 4064 p.
442 3987 521 4046 1322
545 3986 578 4046 P.
601 4007 636 4035 =
657 3985 700 4060 II,
723 3987 784 4045 421
809 3986 886 4046 Keil.
911 3989 1039 4046 comicos
1067 3987 1109 4044 ait
1131 4005 1232 4045 omnes

109 4089 218 4148 crebris
241 4089 420 4168 synaloephis
443 4093 473 4149 et
496 4089 726 4166 episynaloephis
755 4095 785 4146 et
811 4089 1015 4148 collisionibus
1037 4092 1068 4147 at
1090 4089 1233 4147 abiectio·

109 4192 192 4252 nibus
214 4207 232 4251 s
253 4192 363 4250 littcrae
390 4212 452 4251 esse
479 4213 550 4252 usos
572 4192 741 4251 scandendo
763 4211 866 4268 versus
888 4211 967 4250 suos.
1011 4189 1056 4250 De
1079 4191 1232 4250 abiectas

108 4292 206 4354 littera
223 4295 351 4353 diximus
369 4291 411 4372 (p.
431 4291 516 4368 200),
541 4295 578 4354 de
596 4295 776 4371 synaloephis
797 4295 846 4354 vel
868 4269 1123 4354 contractionibus
1144 4314 1230 4353 roca-

108 4395 176 4455 hum
197 4398 258 4456 iam
281 4398 420 4457 dicemus.

978 4510 1025 4564 14*
