2992 5054
717 553 718 556 γ
765 503 857 558 sunu
1153 502 1188 570 11,
1203 505 1227 568 2,
1238 503 1355 556 iro-1sr

705 693 924 758 Alcumeus

577 800 616 866 lu
638 799 753 866 eodem
774 801 860 867 leoto
884 807 994 866 tecum
1015 821 1081 866 une
1101 799 1136 864 iu
1159 798 1312 864 eubiculo.

250 995 426 1061 Perdidisti
696 909 931 993 AmPhitruo

756 1103 872 1170 Sosis

456 1187 542 1267 Quid
562 1188 678 1254 tibist?

697 1295 934 1381 Amphitruo

682 1404 774 1470 Haeo
795 1425 847 1470 me
869 1402 966 1469 modo
988 1401 1030 1466 sd
1052 1407 1190 1468 mortem
1213 1400 1308 1466 dedit.

205 1579 206 1584 ,
701 1503 925 1577 ¹Alcumena

252 1596 338 1676 Quid
359 1599 433 1678 ism,
457 1597 598 1662 amabo?

696 1703 932 1790 Amphitruo

600 1813 648 1878 Ne
671 1834 721 1878 me
744 1811 885 1898 appella.

756 1943 871 2010 Sosia

887 2049 973 2128 Quid
994 2049 1112 2115 tibist?

696 2180 933 2265 Amphitruo

1126 2265 1214 2330 Perii
1233 2267 1341 2345 miser,

251 2378 336 2455 Quis
357 2377 535 2462 pudicitiae
558 2376 654 2441 huius
676 2375 793 2439 uitium
815 2394 866 2438 me
889 2373 966 2436 hino
988 2372 1158 2438 absentent
1180 2373 1336 2438 additum.

706 2504 925 2569 Alcumena

251 2615 397 2681 Obsecro
420 2621 558 2696 ecastor,
581 2613 756 2690 emistus,
780 2613 824 2676 mi
845 2611 906 2692 uir,
930 2631 968 2676 ex
990 2616 1025 2676 te
1047 2610 1169 2676 audio?
1325 2620 1375 2674 805

697 2740 936 2826 Amphitruo
1042 2825 1045 2830 Ι

250 2853 310 2920 Uir
332 2875 392 2938 ego
415 2859 491 2918 tuus
513 2852 597 2918 sim?
619 2851 668 2916 Ne
691 2871 743 2916 me
766 2849 906 2934 appelle,
929 2846 1025 2930 feles,
1047 2847 1129 2916 fslso
1151 2852 1292 2916 nomine.

760 2980 875 3046 Sosia

253 3091 378 3156 Haeret
399 3089 481 3156 hoec
502 3111 564 3170 res,
589 3089 617 3154 si
639 3087 770 3173 quidem
786 3087 869 3153 huso
885 3089 952 3154 ism
969 3088 1086 3154 mulier
1101 3087 1224 3154 factost
1240 3109 1280 3154 ex
1296 3088 1377 3152 uiro.

709 3217 927 3284 Alcumena

255 3328 340 3410 Quid
361 3349 422 3412 ego
444 3327 518 3408 feei,
542 3346 608 3410 qus
628 3326 733 3391 istoeo
754 3333 890 3410 propter
913 3327 1003 3392 diota
1025 3326 1177 3392 dieantur
1198 3319 1300 3393 mihi?

699 3457 936 3540 Amphitruo

196 3624 223 3650 s
254 3565 337 3632 Tute
361 3565 487 3631 edictas
508 3563 599 3630 facts
619 3569 693 3643 tue,
717 3583 757 3627 ex
779 3585 830 3628 me
854 3567 994 3646 quaeris,
1016 3565 1096 3651 quid
1117 3565 1316 3648 deliqueris?
1417 3577 1419 3582 ’
1463 3521 1464 3540 i

710 3694 928 3760 Alcumena

254 3805 341 3884 Quid
363 3825 424 3888 ego
446 3801 507 3869 tibi
529 3801 661 3886 deliqui,
686 3801 714 3867 si
737 3803 815 3884 quoi
835 3809 940 3888 nupto
962 3825 1034 3868 sum
1055 3810 1165 3870 teeum
1186 3801 1256 3866 fui?
1329 3809 1378 3862 810

702 3931 936 4017 Amphitruo

254 4041 326 4106 Tun
348 4061 475 4106 meeum
496 4040 728 4118 furerisi'Quid
749 4038 827 4104 illac
848 4039 1028 4124 impudente
1051 4040 1248 4106 audaciust?

256 4147 388 4230 Saltem,
410 4152 481 4212 tute
504 4149 533 4212 si
555 4147 691 4232 pudoris
713 4167 819 4231 egeae,
842 4169 951 4214 sumas
972 4154 1130 4214 mutuum.

323 4381 375 4434 804
392 4379 439 4433 hio
509 4380 560 4434 806
577 4375 647 4432 falso
664 4377 736 4433 soleo
753 4379 875 4434 momine
944 4381 996 4434 810
1013 4378 1125 4448 delique
1192 4381 1243 4434 811
1262 4377 1341 4434 lime
