2976 5056
608 483 640 539 V.
661 485 770 542 le-ur.
1079 564 1085 581 Ι
1195 490 1256 551 3ὖ5

106 676 211 736 deum
237 676 338 752 fidem,
363 697 509 755 quaeres
532 677 617 738 est?“
666 677 725 738 Sed
752 687 801 738 res'
827 679 915 738 nimis
937 678 1031 738 dubia
1052 683 1106 738 est.
1150 679 1258 738 Fleck·
1364 665 1367 672 ¹

105 781 202 840 cisen
236 781 317 840 hunc
345 801 465 840 versum
492 801 552 840 una
580 801 645 842 cum
673 783 809 860 proximo
838 800 895 858 pro
925 782 1034 860 spuriis
1061 781 1196 855 seclusit,
1224 803 1259 842 ac

104 903 189 944 sane
215 885 270 944 vel
292 884 338 944 his
361 885 479 943 omissis
502 885 598 944 oratio
621 886 694 944 satis
717 885 837 962 prolixa
858 884 986 943 videtur.
1004 913 1048 924 —
1065 885 1115 944 28.
1135 885 1172 944 ut
1188 881 1259 960 ipse

103 981 205 1048 scibo
233 992 305 1061 eta,
329 987 348 1044 i.
374 1007 399 1046 e.
422 988 586 1064 sicutipse
608 987 655 1060 id,
679 987 716 1046 de
739 1006 798 1064 quo
821 987 941 1064 quaeris,
965 987 1071 1060 sciam,
1094 988 1140 1045 ita
1159 992 1258 1046 tecum

104 1088 140 1146 id
176 1088 418 1148 communicabo.
445 1119 482 1128 -
508 1091 558 1148 29.
585 1086 669 1166 quod
702 1091 731 1150 te
761 1104 869 1167 rogem
902 1089 942 1162 si,
978 1088 1059 1166 quod
1092 1089 1182 1168 vulgo
1212 1088 1257 1164 fis,

106 1211 185 1250 cum
220 1191 470 1250 antecedentibus
499 1193 650 1268 iungitur,
682 1193 890 1251 coniunctivus
922 1193 1040 1250 ratione
1074 1197 1169 1264 caret;
1203 1212 1258 1269 ego

107 1313 185 1352 cum
220 1293 416 1370 sequentibus
444 1293 544 1367 iunxi,
572 1300 608 1353 ut
635 1295 759 1371 obliqua
787 1294 922 1352 oratione
945 1294 1134 1370 aliquatenus
1157 1293 1258 1352 defen·

108 1395 259 1470 der-etim,
273 1395 308 1456 cl.
322 1395 402 1454 Men.
417 1399 495 1456 973:
523 1395 620 1469 „Caua
639 1397 806 1474 quisquam,
830 1395 912 1474 quod
933 1396 995 1469 illic
1016 1397 1182 1470 minitetur,
1205 1417 1258 1456 uo·
1329 1477 1331 1482 ,

109 1506 219 1558 strum
242 1497 329 1558 flocci
351 1495 487 1558 fecerit“.
505 1529 550 1540 —
569 1500 618 1559 30.
648 1491 732 1559 Oeae
753 1493 833 1558 mibi
853 1495 998 1558 mendaci
1021 1495 1194 1577 quicquam,
1217 1519 1257 1558 sc.

110 1601 253 1674 dixeris,
284 1602 320 1659 of.
344 1601 409 1659 Mil.
435 1601 512 1660 961:
550 1601 647 1674 „Cane
675 1599 894 1660 mendacium“.
940 1600 1098 1660 Omittitur
1124 1601 1257 1674 verbum,

111 1703 207 1780 quod
242 1704 340 1781 quiris
373 1703 460 1761 facile
494 1703 657 1779 intelliget,
695 1705 731 1762 cf.
761 1703 841 1761 infra
870 1705 941 1762 300.
975 1704 1084 1780 Amph.
1110 1705 1181 1762 736.
1219 1733 1255 1744 —·
1287 1733 1290 1740 ν

114 1809 172 1864 31.
204 1801 262 1865 ubi
290 1801 374 1882 lapis
403 1799 539 1880 lapidem
574 1802 656 1864 terit.
702 1804 866 1864 Pistrinum
901 1803 1050 1882 significet
1082 1805 1258 1882 lapidesque

113 1909 270 1981 molares,
294 1907 331 1967 cf.
355 1906 476 1966 Lucret.
500 1907 529 1980 I,
555 1909 630 1966 884:
659 1929 745 1981 ,cum
767 1907 861 1984 lapidi
883 1907 1013 1985 lapidem
1035 1905 1190 1967 terimus“.
1213 1939 1257 1948 —-

116 2012 173 2068 32.
199 2005 256 2070 cti
277 2005 360 2070 istuc
382 2008 429 2082 est
452 2009 608 2070 terrarum
635 2005 702 2070 loci.
748 2009 793 2068 Fl.
817 2017 984 2088 transpos:
1016 2009 1085 2082 „ubi
1107 2015 1256 2068 terrorum
1319 2003 1323 2014 '

117 2119 168 2171 est
185 2116 267 2172 istuc
283 2109 373 2185 loci“,
397 2114 485 2170 metri
508 2132 606 2185 causa,
629 2133 667 2170 ne
690 2115 826 2172 senarius
845 2117 877 2172 in
894 2112 968 2172 duas
985 2117 1087 2191 partes
1103 2117 1258 2171 ternorum

115 2216 293 2276 iamborum
317 2214 512 2274 divideretur.
547 2214 703 2274 Chiasmus
726 2215 842 2274 ordinis
864 2214 939 2274 nihil
962 2215 1133 2274 offensionis
1156 2213 1256 2288 habet,

103 2318 184 2377 eid.
205 2317 243 2376 ad
262 2316 370 2395 Amph.
391 2319 462 2377 290.
480 2348 524 2358 —
544 2320 593 2378 33.
615 2300 763 2394 Nequam
784 2313 923 2378 homiues
945 2324 976 2376 et
992 2313 1155 2394 piccicaat
1176 2322 1258 2376 reete

118 2421 269 2480 scribitur
292 2421 411 2496 inipso
435 2419 499 2478 cod.
522 2420 547 2478 B
569 2420 660 2499 paulo
689 2421 781 2492 infra,
810 2421 863 2479 ubi
890 2420 939 2479 hic
967 2439 1070 2478 versus
1099 2421 1256 2496 repetitur,

119 2527 194 2600 post
215 2543 244 2581 v.
271 2523 322 2581 46.
363 2521 523 2599 Repetitur
545 2527 645 2580 autem
669 2543 729 2580 una
751 2543 818 2582 cum
841 2521 1042 2596 antecedenti,
1065 2527 1181 2580 mutatu
1205 2522 1257 2580 illo

121 2625 247 2702 quidem
270 2625 467 2702 aliquantum,
491 2644 544 2682 nec
567 2623 699 2682 dubitari
721 2631 831 2701 potest,
855 2625 927 2702 quin
950 2645 986 2683 ex
1008 2629 1143 2699 margine
1161 2625 1257 2702 irrep·

121 2730 235 2800 serint,
263 2727 319 2786 ubi
344 2726 392 2785 vel
420 2725 642 2805 interpretandi
669 2728 717 2786 vel
745 2729 855 2786 errorIs
884 2727 1052 2804 corrigendi
1086 2747 1173 2786 causa
1206 2726 1257 2785 ad·

121 2831 230 2908 scripti
258 2829 389 2888 luerunt.
435 2829 551 2887 Iniuria
576 2829 671 2906 igitur
694 2829 879 2889 Camerarius
908 2831 993 2907 qussi
1015 2831 1145 2906 repetita
1166 2831 1257 2888 inter·

122 2934 280 3011 rogatione
296 2932 351 2990 hos
369 2930 428 2991 duc
440 2951 543 2990 versus
554 2937 625 3008 post
636 2953 664 2990 v.
679 2934 717 2990 33
730 2934 842 3010 posuit.
867 2932 1043 2991 Fleckeisen
1060 2935 1258 3011 posteriorem

123 3035 296 3107 damnavit,
326 3038 457 3111 priorem
484 3039 555 3111 post
577 3053 605 3091 r.
631 3035 670 3092 35
693 3036 809 3112 posuit,
838 3054 1017 3111 versumque
1043 3037 1081 3094 33
1111 3055 1164 3093 suo
1192 3035 1258 3094 loco

4 3179 5 3190 2
124 3144 241 3198 motum
264 3136 333 3196 huic
356 3137 502 3208 adiunxit,
522 3138 601 3194 iusto
620 3135 770 3196 licentius.
794 3167 837 3178 -
858 3152 993 3212 nequam
1015 3131 1164 3211 borsines,
1187 3156 1257 3194 nam

123 3239 300 3317 nequissimi
329 3239 439 3316 quique
468 3241 546 3298 servi
575 3239 607 3296 in
636 3239 796 3315 pistrinum
830 3239 1034 3299 mittebantur.
1066 3269 1104 3278 --
1127 3234 1259 3314 polenia

122 3342 229 3401 farinae
257 3360 350 3418 genus
378 3345 437 3414 est,
466 3342 624 3399 maximam
652 3347 770 3418 partem
799 3361 834 3400 ex
857 3341 970 3400 hordeo
993 3341 1172 3413 confectum,
1197 3340 1256 3399 vid.

122 3445 201 3503 Plin.
219 3443 299 3502 Hist.
318 3447 380 3500 nat.
398 3441 507 3515 XVIII,
528 3445 555 3516 7,
576 3445 625 3516 14,
645 3445 694 3502 72.
718 3473 761 3482 —
785 3445 833 3502 34.
858 3443 968 3502 Seruus
991 3443 1171 3502 horrendam
1193 3462 1258 3500 rem

125 3566 177 3605 suo
200 3537 319 3604 nomine
343 3544 496 3623 appellare
523 3547 637 3604 veritus
664 3565 719 3622 per
744 3546 903 3620 aenigmata
925 3565 990 3603 eam
1012 3543 1162 3619 significat
1184 3545 1257 3602 satis

124 3648 261 3707 ridicula.
285 3641 416 3708 Insulas
433 3647 528 3705 molas
544 3648 678 3746 appellm
695 3649 726 3704 in
743 3647 872 3724 pistrino
891 3648 1014 3724 positas,
1030 3645 1257 3707 similitudinem

125 3751 178 3824 rei,
201 3755 237 3809 ut
259 3769 296 3808 ex
314 3748 505 3828 Pompeianis
528 3750 614 3809 molis
637 3755 772 3828 apparet,
796 3749 914 3827 egregie
937 3753 1065 3808 secutus.
1099 3749 1259 3807 Adiectiva

125 3852 333 3911 condicionem
357 3857 511 3911 servorum
530 3852 622 3910 molas
641 3853 825 3910 versantium
843 3853 1023 3929 exprimunt,
1042 3859 1077 3910 ut
1095 3854 1147 3929 qui
1163 3847 1258 3926 fusto

4 4033 5 4038 ἵ
126 3951 182 4014 bue
206 3950 381 4014 tundantur
408 3959 460 4013 aut
482 3955 669 4032 plectantur,
698 3949 874 4032 ferreisque
903 3954 1095 4032 compedibus
1123 3954 1257 4028 orme-stt.

4 4045 5 4064 .
125 4087 167 4098 -
191 4059 240 4115 35.
264 4053 380 4116 matut
403 4052 496 4116 boues
518 4061 590 4116 sunt
611 4057 677 4114 lora
699 4077 735 4114 ex
755 4057 836 4115 corio
856 4055 968 4115 bubulo
987 4057 1075 4115 facta.
1093 4085 1137 4096 -
1153 4053 1258 4115 iucur-

125 4159 212 4234 scmt,
243 4158 403 4232 invadunt,
433 4159 469 4216 cf.
492 4159 573 4218 Poen.
599 4160 676 4218 822:
711 4158 756 4232 „Is
784 4178 831 4216 me
860 4164 959 4216 autem
987 4178 1096 4235 porro„
1105 4157 1257 4232 uerberat,

125 4262 258 4319 incursat
284 4262 408 4338 pugnis,
444 4258 605 4320 calcibus“.
650 4261 727 4320 Rud.
749 4253 830 4319 'tam
869 4260 1067 4339 „pendentem
1100 4260 1258 4344 incursabo

3 4351 4 4374 ¹
125 4365 241 4442 pugnis.
265 4391 309 4402 —
332 4363 381 4421 36.
406 4357 508 4422 Modo
522 4359 662 4440 percepi,
685 4365 745 4422 iam
768 4361 915 4437 intelligo.
934 4391 978 4404 -
1002 4365 1051 4422 37.
1070 4359 1156 4422 ate
1178 4382 1257 4422 man.

1001 4473 1050 4530 23*
