2960 5038
228 476 290 536 262
703 471 881 542 Amphitruo.

226 619 269 706 -;
292 665 376 725 Sosia
409 669 537 724 miratur
569 671 685 726 noctem
718 686 779 726 non
811 665 986 744 procedere:
1029 661 1087 726 100
1113 666 1209 726 noctu
1239 667 1351 744 antiqui

227 767 381 840 dicebant,
411 787 439 826 v.
464 767 541 826 infra
569 770 641 828 400.
686 768 849 828 11111383.
894 767 1026 828 Macrob.
1050 766 1170 828 Saturn.
1193 766 1222 842 I,
1245 771 1277 840 4,
1299 771 1352 846 qui

226 869 318 930 Ennii
338 870 401 930 haec
423 869 543 929 laudat:
571 875 680 942 ,noctu
701 869 863 929 concubia¹⁴
889 877 921 930 et
945 871 1018 944 ,hec
1040 875 1130 930 noctu
1146 869 1198 930 filo
1215 869 1355 948 pendebit
1452 903 1453 906 ¹

226 973 350 1033 Etruria
375 970 470 1032 tcta“.
493 1002 538 1012 -
558 966 760 1047 Nocturnus,
791 973 897 1033 Noctis
925 973 1012 1047 deus,
1041 975 1094 1051 qui
1123 978 1241 1034 noctem
1268 974 1351 1050 regit,
1452 963 1453 966 ¹

227 1079 318 1137 etiam
340 1075 439 1134 titulis
462 1075 641 1148 celebratur,
665 1075 724 1134 rid.
749 1075 839 1136 Orcll.
863 1076 955 1136 Inscr.
980 1076 1047 1136 Lat.
1071 1075 1129 1150 ΠΙ,
1153 1097 1183 1134 11.
1209 1077 1287 1136 5857
1308 1095 1351 1152 sq.

226 1209 269 1220 -
287 1179 358 1237 269.
382 1171 549 1236 Nomium
572 1179 603 1236 in
625 1178 710 1238 codd.
732 1179 928 1238 emendatum.
941 1178 1115 1255 -sepiem
1139 1175 1265 1253 11101100,
1286 1197 1354 1236 ursa

226 1285 324 1340 maior
346 1281 402 1354 vel,
426 1285 460 1339 ut
482 1279 586 1339 Cicero
604 1279 673 1340 Nat.
693 1281 782 1341 Deor.
800 1282 838 1354 II,
858 1282 909 1355 41,
930 1283 1005 1341 105:
1033 1281 1163 1354 ,Helice,
1188 1282 1270 1340 ouius
1290 1281 1353 1356 qui·
1452 1265 1453 1298 ³

227 1383 295 1442 dem
317 1382 493 1440 clarissimas
517 1383 619 1442 stellas
641 1387 716 1443 totis
739 1385 878 1442 noctibus
897 1385 1055 1456 cernimus,
1080 1382 1160 1454 Ques
1179 1384 1273 1442 nostri
1289 1401 1354 1459 sep·

226 1491 288 1546 tem
317 1486 398 1544 soliti
431 1485 562 1544 vocitare
594 1484 744 1559 triones“;
779 1485 815 1545 cs.
839 1485 934 1544 Varro
957 1484 991 1543 L.
1015 1484 1050 1544 L.
1074 1483 1145 1560 vn,
1171 1487 1227 1558 74,
1249 1485 1354 1544 Festus
1452 1525 1453 1548 3

227 1609 256 1667 p.
282 1587 569 1648 33011-110
593 1587 708 1646 Lunam
731 1607 850 1665 quoque
877 1588 975 1648 locum
1001 1593 1117 1646 mutare
1140 1594 1231 1663 negat
1252 1593 1304 1646 aut
1323 1607 1355 1645 se
1452 1595 1453 1664 ζ

227 1711 346 1750 movere
368 1689 405 1748 eb
428 1709 462 1749 ec
485 1690 557 1762 loco,
581 1689 633 1748 ubi
655 1692 784 1767 primum
808 1692 991 1769 apparuerit.
1036 1689 1209 1765 0011111101,
1231 1689 1267 1749 cs.
1290 1689 1355 1749 Liv.
1452 1697 1453 1726 ³

227 1794 262 1867 V,
286 1793 340 1867 46,
368 1794 421 1851 11:
461 1795 587 1865 „mutori
615 1789 755 1850 finibus“.
778 1821 821 1832 —
842 1789 949 1869 Atque
977 1793 1194 1874 comparationi
1222 1795 1355 1864 inservit,
1452 1847 1453 1874 ,

227 1904 262 1955 ut
283 1895 362 1955 infra
385 1896 456 1953 439.
481 1893 657 1954 (10010801
678 1915 736 1973 sq.:
765 1895 886 1972 ,Neque
908 1896 1057 1954 fallaciam
1080 1897 1257 1954 astutiorem
1280 1895 1356 1952 ullus

227 1997 299 2056 fecit
321 2003 426 2075 poete,
451 2002 541 2074 atque
564 2002 598 2056 ut
619 1997 691 2056 haec
715 2002 760 2056 est
782 1997 865 2056 fabre
893 1995 1001 2058 facta“.
1046 1997 1111 2056 Mil.
1137 2000 1214 2056 764:
1252 1996 1355 2071 ,Haud
1452 2043 1453 2046 .

227 2102 418 2160 centesimam
441 2107 557 2177 partem
580 2099 642 2158 dixi
665 2105 763 2177 atque,
787 2103 882 2160 otium
900 2102 927 2159 si
943 2101 991 2174 sit,
1015 2119 1134 2178 possum
1152 2099 1353 2177 expromere“.
1452 2103 1453 2148 ἶ

227 2202 267 2262 ib.
295 2203 374 2262 1123
410 2204 443 2260 in
476 2201 565 2261 huius
599 2203 655 2262 loci
689 2203 914 2263 similitudinem
947 2202 1150 2262 emendatum:
1189 2201 1356 2280 ,Numquid
1452 2231 1453 2278 ,

227 2305 349 2365 uidetur
382 2305 537 2363 demutare
570 2310 661 2382 atque
694 2308 739 2363 uti
769 2303 849 2365 ...“
897 2305 940 2365 cf.
971 2306 1060 2364 etiam
1088 2305 1167 2363 infra
1197 2307 1287 2365 1012.
1316 2335 1356 2344 -

229 2409 300 2466 271.
326 2402 458 2484 lupulae
475 2407 513 2466 ab
533 2409 665 2485 antiquis
676 2408 819 2468 Romanis
841 2410 958 2485 signum
981 2407 1147 2480 dicebatur,
1166 2406 1245 2484 quod
1263 2407 1355 2466 Greci
1452 2433 1453 2460 ι

228 2510 340 2570 Oriona
363 2509 511 2568 dicebaut.
546 2509 651 2583 Varro,
675 2515 728 2588 qui
749 2512 828 2570 hunc
850 2531 969 2570 versum
992 2510 1080 2569 affert
1101 2509 1135 2569 L.
1161 2509 1195 2568 L.
1219 2509 1283 2582 VII,
1308 2513 1353 2582 50,

228 2620 259 2671 et
281 2611 364 2670 Festi
386 2611 517 2688 Epitom.
546 2632 576 2690 p.
603 2615 662 2673 104
692 2615 781 2673 miras
808 2614 897 2672 huius
925 2614 1052 2672 nominis
1083 2633 1187 2692 causas
1214 2613 1353 2691 produnt.
1452 2611 1453 2672 j

228 2715 399 2775 Communis
427 2715 584 2790 utriusque
613 2735 697 2774 error
725 2724 785 2789 est,
814 2716 896 2792 quod
925 2711 1034 2793 1091110
1061 2717 1206 2793 singulari
1235 2735 1354 2774 numero
1452 2749 1453 2752 ¹

228 2817 365 2894 ponitur,
382 2815 443 2873 vid.
460 2816 566 2875 Manil.
582 2817 616 2889 V,
639 2820 697 2875 174
716 2838 775 2895 sq.:
800 2819 903 2891 ,Nunc
921 2817 1034 2878 Cancro
1054 2821 1153 2878 vicina
1177 2839 1288 2892 cauam,
1310 2817 1354 2876 cui
1452 2811 1453 2840 ³

227 2925 315 2998 parte
341 2921 464 2977 sinistra
486 2918 677 2993 Consurgunt
699 2920 853 2995 Iugulae“.
879 2951 919 2962 -
945 2911 1167 2998 ,Vespccqffl
1198 2922 1243 2978 ait
1263 2920 1353 2978 Varro

227 3025 247 3081 1.
266 3023 285 3080 1.
309 3022 415 3094 ,stella
433 3041 498 3098 quse
516 3041 639 3098 vespere
657 3020 783 3095 oritur“,
801 3022 924 3100 Vesper,
938 3025 1078 3099 Ἕσπερος.
1102 3023 1203 3095 Quint.
1222 3022 1352 3096 I,7,12:
1452 3023 1453 3034 *

232 3128 281 3198 „iu
302 3126 454 3203 pulvinari
478 3124 568 3198 Solis,
593 3126 645 3201 qui
668 3126 779 3185 colitur
800 3127 885 3184 iuxta
907 3126 1002 3184 aedem
1025 3125 1158 3198 Quirini,
1188 3121 1352 3202 1700901119,
1452 3205 1453 3210 ¹

229 3228 309 3304 qnod
327 3221 571 3304 Vesperupc'nem
595 3225 785 3306 accipimus“.
809 3229 845 3286 cf.
857 3227 1000 3288 Mertian.
1015 3228 1126 3306 Capell.
1139 3228 1219 3302 VIII,
1238 3249 1267 3306 p.
1287 3230 1352 3287 883.
1452 3271 1453 3282 .

227 3363 270 3371 —
299 3326 473 3408 1711911100,
504 3351 578 3408 quas
602 3331 698 3390 Graeci
727 3329 863 3396 Πλειάδας
891 3331 1046 3404 dicebant,
1075 3331 1135 3390 vid.
1159 3330 1252 3390 Cicer.
1275 3331 1352 3389 Aret.
1452 3407 1453 3420 χ

228 3455 256 3493 v.
281 3435 339 3492 261
365 3453 430 3511 sqq.
475 3433 548 3492 Post
571 3434 599 3494 h.
623 3453 650 3492 v.
675 3434 787 3507 hiatus,
817 3437 901 3493 cuiue
928 3433 1043 3492 vitandi
1072 3453 1161 3493 causa
1184 3433 1297 3492 Ritsch.
1325 3437 1352 3492 in
1452 3437 1453 3448 ¹

228 3537 320 3595 Novis
342 3535 466 3594 Excurs.
489 3557 520 3613 p.
547 3538 605 3596 118
629 3537 807 3596 nominativi
829 3535 955 3595 formam
978 3531 1130 3613 verpittae
1154 3535 1352 3595 commendare

229 3661 317 3698 ausus
346 3645 399 3697 est.
429 3669 472 3678 -
501 3641 573 3698 272.
596 3636 721 3712 3101101,
750 3660 778 3697 v.
803 3641 875 3698 235.
903 3667 947 3678 -
976 3633 1027 3700 die
1054 3659 1158 3699 versus
1187 3659 1277 3708 causa
1307 3645 1353 3697 aut

228 3741 417 3802 scribendum
443 3746 496 3800 aut
517 3741 774 3819 pronuntiandum
802 3742 918 3800 saltem.
965 3741 1009 3800 De
1033 3761 1092 3818 qua
1113 3742 1210 3800 forma
1231 3761 1259 3800 v.
1283 3741 1350 3800 Gell.

228 3845 286 3918 IX,
314 3846 367 3918 14,
392 3847 421 3904 7.
466 3843 547 3903 Serv.
572 3843 611 3902 ad
632 3844 720 3921 Verg.
743 3843 854 3919 Georg.
877 3841 900 3916 I,
926 3845 997 3904 208.
1044 3840 1096 3904 die
1117 3844 1253 3920 prebent
1274 3843 1349 3903 codd.

228 3948 320 4006 Merc.
343 3949 373 4004 4.
406 3946 514 4004 Pseud.
541 3947 632 4006 1156.
672 3946 708 4005 cf.
731 3945 849 4023 Prclcg.
872 3966 903 4024 p.
927 3947 999 4004 216.

316 4051 387 4108 284.
421 4043 555 4124 Optume
584 4049 709 4124 optume
738 4049 906 4125 optumam.
951 4048 1056 4108 Placet
1086 4049 1144 4108 sibi
1173 4049 1295 4108 Plautus
1324 4052 1350 4108 in

229 4152 374 4211 eiusmodi
408 4153 596 4228 παρηχῆσεσι,
629 4153 665 4210 cf.
690 4151 775 4228 Capt.
801 4151 878 4208 7671
923 4171 988 4222 ,me
1022 4153 1203 4209 amoenitate
1238 4171 1350 4212 amoena

229 4273 370 4314 amoenus
389 4255 526 4311 onerauit
545 4251 642 4311 dies“.
667 4253 733 4313 Cas.
749 4254 823 4310 197:
851 4253 1018 4325 ,nitoribus
1037 4251 1171 4312 nitidis“.
1197 4253 1267 4312 Cist.
1281 4256 1348 4312 411:

233 4357 275 4428 ,0
298 4356 402 4414 Salute
425 4375 490 4412 mea
513 4355 591 4414 salus
614 4353 793 4414 salubrior“.
839 4353 927 4430 Epid.
955 4357 1030 4414 121:
1058 4359 1175 4434 „pretio
1197 4355 1348 4433 pretiosc“.
