2960 5038
230 497 291 560 183
686 489 899 564 Prolegomana.

228 693 259 746 et
285 686 569 765 proceleusmaticus
600 686 745 764 anapesti
777 683 842 744 loco
877 687 950 764 poni
981 691 1092 765 potest.
1134 685 1297 746 Miller-us
1328 683 1379 743 Pl.

227 790 311 850 Prcs.
345 810 375 868 p.
404 790 466 848 404
500 809 566 866 sqq.
599 787 703 848 multia
735 786 882 848 Plautina
915 791 947 846 in
979 787 1028 847 his
1059 788 1196 848 versibus
1228 789 1379 848 licentiae

228 893 328 952 allatis
351 891 495 969 exemplis
518 891 608 950 etiam
631 891 773 949 creticum
795 895 826 950 et
845 909 982 969 peronem
1000 893 1160 968 anapestis
1178 879 1379 950 substitutos

229 1015 292 1054 ease
314 993 453 1054 affirmat.
486 991 608 1052 Rectius
620 991 768 1052 Ohristius
785 989 912 1067 (Metrik
928 1013 959 1071 p.
972 993 1034 1052 269
1052 988 1112 1070 eq.)
1128 997 1266 1053 statuere
1285 991 1379 1050 vide-

228 1102 287 1170 tur,
303 1095 445 1155 Plautum
461 1115 522 1154 non
540 1093 622 1154 aliud
638 1093 705 1152 aibi'
715 1097 804 1153 metri
815 1095 933 1155 schema
943 1095 1119 1154 informasse
1130 1115 1219 1173 quam
1230 1093 1379 1167 Graecos,

230 1197 284 1258 sed
305 1200 337 1256 in
360 1197 529 1257 difficiliore
550 1202 647 1257 metro
669 1197 844 1275 prosodiam
865 1199 964 1256 minua
982 1202 1120 1256 accurate
1139 1217 1294 1256 servasse.
1332 1195 1381 1256 Ut

228 1305 265 1360 ut
298 1303 357 1374 est,
391 1305 455 1359 tam
488 1298 586 1358 scabri
618 1319 697 1378 sape
725 1299 857 1358 evadunt
884 1301 1014 1372 numeri,
1042 1301 1078 1356 ut
1100 1299 1279 1359 Terentium
1312 1317 1379 1358 non

229 1403 372 1462 miremur
393 1402 431 1462 ab
453 1403 490 1461 iis
511 1421 634 1481 prorsus
656 1401 845 1461 abstinuisse.
964 1457 969 1465 ,

314 1505 383 1566 Uno
414 1505 505 1564 huius
536 1505 656 1582 generis
692 1523 782 1563 versu
813 1501 940 1562 Plautus
972 1503 1041 1560 κατὰ
1073 1505 1169 1576 στίχον
1200 1523 1276 1562 usna
1316 1507 1375 1575 est,

231 1609 469 1687 septenario,
502 1609 523 1666 i.
557 1627 583 1666 e.
617 1609 795 1666 tetrametro
827 1605 1015 1678 catalectico,
1050 1624 1139 1684 quem
1172 1604 1270 1664 Graeci
1308 1625 1376 1664 nen

133 1785 139 1796 ,
230 1698 382 1770 immerito
400 1709 654 1787 Aristophaneum
676 1707 826 1766 dixerunt.
870 1705 902 1765 Is
923 1707 1088 1784 legitimam
1109 1706 1202 1766 habet
1222 1707 1375 1766 diaeresin

230 1817 300 1890 post
321 1815 462 1888 quartum
483 1811 600 1889 pedem,
623 1809 726 1888 ibique
749 1811 840 1868 etiam
858 1809 973 1868 hiatum
989 1809 1047 1868 sibi
1063 1810 1213 1888 permittit
1222 1808 1373 1868 Plautus.

230 1912 324 1974 Sosus
344 1913 392 1972 his
413 1913 552 1972 versibus
575 1914 688 1989 scripta
709 1911 820 1972 nobilis
839 1916 924 1970 extat
937 1911 1003 1970 Mil.
1024 1914 1105 1972 1005
1123 1932 1190 1990 sqq.
1223 1910 1373 1970 Ceterum

231 2017 455 2076 acatalectis
483 2015 545 2074 iere
573 2015 710 2074 versibus
737 2016 848 2086 utitur,
877 2014 897 2072 i.
922 2033 948 2072 e.
970 2015 1103 2074 numeris
1129 2015 1161 2073 in
1190 2013 1371 2090 systematis

230 2119 351 2178 modum
373 2118 565 2178 continuatis.
609 2115 709 2191 Graci-
727 2115 783 2175 hoo
803 2135 897 2193 genus
920 2122 1021 2176 amant
1046 2122 1092 2191 at,
1116 2094 1188 2196 quia
1216 2115 1372 2196 anapaesti

232 2221 363 2299 dipodiis
385 2218 530 2278 metiendi
552 2221 632 2292 sunt,
652 2217 788 2277 dimetria
805 2217 973 2277 describere
991 2219 1102 2292 solent;
1125 2219 1245 2294 longam
1261 2223 1370 2278 autem

232 2323 427 2382 dimetrorum
449 2323 557 2381 seriem
580 2321 769 2381 catalecticus
790 2322 932 2380 terminat
947 2339 1060 2394 versus,
1078 2323 1206 2380 maxime
1225 2321 1369 2392 dimeter,

233 2426 285 2502 qui
306 2426 502 2502 paroemiacus
525 2425 644 2484 dicitur.
690 2422 806 2496 Latini,
829 2426 865 2480 ut
886 2421 1014 2496 iambos,
1037 2424 1081 2482 ite
1102 2428 1271 2502 anapestus
1296 2441 1368 2482 con·

231 2528 365 2585 tinuatur
388 2525 450 2586 iere
467 2527 500 2585 in
519 2526 689 2586 octonarius
708 2523 927 2598 describebant,
950 2528 1232 2605 oetonariorumque
1253 2526 1368 2585 seriem

232 2632 285 2685 aut
307 2629 491 2705 septenarius
514 2633 567 2687 aut
587 2627 707 2687 brevior
728 2647 832 2686 versus
861 2647 927 2686 cum
955 2628 1080 2687 catalexi
1108 2631 1267 2704 terminat;
1290 2629 1368 2707 ipsis

233 2734 334 2787 autem
356 2731 518 2790 octonariis
541 2749 620 2808 sape
635 2732 878 2810 interponuntur
896 2729 1017 2788 dimetri
1038 2727 1247 2808 (quaternarii)
1271 2736 1368 2809 atque

233 2833 322 2891 etiam
350 2833 529 2890 monometri
556 2837 588 2890 et
614 2831 792 2906 hexametri,
822 2853 877 2892 nec
904 2831 1074 2910 interrupto
1103 2837 1264 2910 systemate
1291 2833 1366 2892 soli·

232 2939 282 2994 tus
302 2934 383 2992 redit
401 2935 622 2992 octonariorum
641 2934 725 2994 ordo.
761 2935 989 2996 Octonariorum
1012 2936 1147 3014 exempla
1167 2935 1271 2994 videas
1293 2936 1366 2995 licet

231 3037 302 3096 aul.
326 3039 387 3096 700
411 3056 477 3114 sqq.
502 3035 600 3096 Oasin.
625 3037 686 3097 600
710 3058 774 3116 sqq.

597 3207 805 3268 Paeonicum
830 3213 1001 3282 metrum,

233 3347 259 3404 si
281 3365 319 3404 ex
338 3347 418 3404 veria
439 3345 597 3425 paeonibua
620 3347 820 3424 componitur,
843 3349 970 3423 propter
986 3343 1210 3404 multitudinem
1229 3343 1364 3403 brevium

232 3448 415 3525 syllabarum
438 3446 549 3508 Graes
578 3467 668 3526 quam
690 3447 807 3508 Latinae
837 3449 947 3522 lingue
969 3449 1070 3526 aptius
1093 3452 1147 3506 est.
1193 3447 1294 3507 Latini
1314 3449 1364 3508 vel

231 3556 357 3630 propter
388 3551 496 3628 lingue
530 3551 682 3626 ingenium
715 3551 764 3610 vel
795 3555 922 3630 propter
954 3552 1112 3625 gravitatis
1139 3570 1271 3610 amorem
1298 3569 1364 3609 eam

231 3655 295 3713 fere
317 3655 442 3713 formam
464 3652 651 3731 probabant,
675 3654 707 3712 in
730 3673 789 3730 qua
811 3653 972 3712 contractis
995 3653 1111 3712 duabus
1138 3653 1280 3713 brevibus
1307 3671 1362 3732 pru

231 3775 337 3835 paone
360 3757 523 3814 creticus
546 3754 589 3814 lit.
634 3755 782 3815 Fecerant
806 3755 864 3814 hoc
891 3757 1010 3834 antiqui
1032 3753 1142 3830 Graeci,
1169 3760 1206 3815 ut
1231 3755 1361 3830 videtur,

184 3897 186 3900 -
232 3859 293 3917 iam
315 3856 385 3916 inde
409 3877 428 3916 a
448 3857 582 3918 Thalete
606 3857 757 3918 Cretensis
778 3861 926 3935 tempore,
949 3862 984 3916 ut
1007 3856 1139 3916 earmina
1160 3862 1215 3916 aut
1234 3877 1272 3916 ex
1293 3857 1363 3917 solie

233 3961 352 4021 creticis
385 3965 438 4019 aut
469 3960 579 4037 quibua
607 3960 695 4037 pauci
722 3959 882 4019 admodum
909 3979 1029 4038 paones
1062 3959 1230 4018 intermixti
1263 3964 1363 4018 essent

232 4067 456 4141 componerent.
499 4051 609 4122 Gr'etici
630 4062 823 4141 appellantur
845 4061 990 4120 eiusmodi
1011 4081 1131 4136 versus,
1153 4081 1222 4136 nec,
1245 4063 1361 4139 siquis

231 4166 309 4224 hanc
330 4166 458 4243 speciem
480 4165 679 4242 antiquiorem
701 4168 753 4223 aut
774 4163 952 4224 saltantibus
976 4165 1249 4224 convenientiorem
1271 4163 1364 4239 dicat,

232 4288 288 4328 noa
310 4266 552 4347 repugnabimus.
586 4267 631 4326 Ne
644 4267 816 4327 Hermanno
839 4267 960 4346 quidem
983 4266 1180 4346 obloquemur
1202 4264 1361 4326 affirmanti

237 4369 448 4444 ,manifestum
477 4387 557 4443 esee,
592 4370 734 4427 creticum
766 4369 843 4428 nihil
875 4368 958 4428 aliud
990 4389 1054 4428 eree
1087 4389 1176 4447 quam
1210 4368 1360 4448 dipodiam
