2992 5054
251 512 291 570 42
476 554 479 561 .
769 508 862 561 risus
1019 565 1025 578 ,
1191 507 1227 576 n,
1241 509 1374 576 a‚e1-65

252 695 307 762 Sic
329 695 454 762 salutas
477 702 576 781 atque
600 696 758 781 appellas,
781 696 891 782 [quasi
913 697 1037 762 dudum
1058 718 1124 762 non
1146 696 1279 780 uideris,

252 805 352 882 Quasi
375 807 431 888 qui
453 827 539 871 nune
556 807 696 888 primum
713 807 854 890 recipias
871 814 905 872 te
923 806 1056 871 domum
1071 804 1136 869 huc
1153 825 1193 867 ex
1209 803 1375 869 hostibus?

251 915 359 997 Atque
382 936 433 978 me
456 935 542 978 nunc
565 913 706 997 proinde.
725 913 896 998 appellaa]
920 915 1014 1000 quasi
1032 913 1135 979 multo
1153 918 1229 996 post
1245 913 1374 978 uideris.

695 1022 933 1108 Amphitruo

251 1129 353 1194 Immo
377 1131 527 1213 equidem
549 1137 583 1196 te
605 1131 668 1196 nisi
690 1153 776 1197 nunc
798 1131 895 1197 hodie
917 1153 1079 1217 nusquam
1100 1133 1169 1198 uidi
1191 1133 1343 1218 gentium.

710 1241 924 1307 Alcumena

252 1323 319 1388 Cur
340 1327 463 1409 negas?

697 1399 937 1518 Amphitruo

480 1546 565 1624 Quia
586 1565 667 1610 uera
689 1544 789 1609 didici
812 1544 930 1610 dicere.
975 1569 979 1576 ·

709 1676 928 1742 Alcumena

942 1785 1040 1850 Haud
1063 1806 1204 1871 aequom
1222 1784 1311 1866 lacit,
1328 1795 1380 1848 680

252 1897 323 1974 Qui,
348 1896 436 1980 quod
459 1895 582 1974 didicit,
606 1895 639 1959 id
662 1895 809 1960 dediscit.
843 1893 894 1958 An
917 1893 1157 1978 periclitamini,
1191 1893 1197 1906 '

252 2004 337 2082 Quid
350 2004 450 2068 animi
461 2002 624 2068 habeam?
646 2003 711 2069 Sed
728 2002 806 2088 quid
821 2003 886 2067 huc
896 2024 956 2068 uos
969 2004 1199 2068 conuertimini
1210 2009 1279 2068 tam
1291 2003 1379 2068 cito?

251 2114 300 2176 An
323 2117 357 2176 ie
380 2113 563 2198 auspicium
586 2117 843 2176 conmoratumsi
865 2131 907 2174 an
930 2116 1109 2195 tempestas
1133 2113 1289 2191 continet,

252 2222 315 2300 Qui
336 2243 402 2287 non
420 2221 538 2296 abiisti
560 2222 603 2286 ad
625 2221 779 2302 legiones,
802 2220 850 2284 ita
871 2221 923 2285 uti
946 2219 1068 2285 dudum
1091 2220 1246 2286 dixeras?

698 2327 937 2412 Amphitruo
1148 2339 1149 2342 ’

252 2436 405 2502 Dudum?
428 2438 534 2516 Quam
558 2438 680 2503 dudum
701 2439 787 2503 istuc
808 2436 987 2502 factumst?

704 2561 923 2628 Alcumena

727 2671 892 2754 Tempsae.
925 2670 1006 2736 Tam
1028 2671 1159 2751 dudum,
1182 2670 1287 2736 modo.
1327 2677 1378 2730 685

700 2801 766 2867 Am
800 2801 936 2867 hitruo

253 2913 315 2989 Qui
331 2913 417 2976 istuc
435 2913 519 2994 potis
537 2917 587 2976 eet
604 2911 683 2990 fieri,
703 2824 835 2996 quasise,
854 2917 891 2975 ut
909 2910 1005 2975 dicis:
1028 2917 1096 2975 tam
1114 2873 1245 2990 dudum,
1258 2910 1378 2975 modo?

707 3043 925 3107 Alcumena

251 3152 335 3229 Quid
359 3153 445 3216 enim
468 3151 661 3216 censes?-te
684 3158 721 3216 ut
743 3151 895 3216 deludam
919 3157 1044 3228 contra,
1067 3151 1210 3216 lusorem
1232 3173 1347 3230 meum,

251 3259 313 3336 Qui
331 3281 417 3323 nunc
437 3261 577 3342 primum
593 3266 626 3324 te
644 3259 818 3324 aduenisse
836 3259 934 3338 dicae,
954 3259 1049 3325 modo
1069 3259 1125 3344 qui
1141 3259 1218 3324 hinc
1235 3260 1378 3325 abieris?

697 3390 934 3475 Amphitruo

250 3501 342 3568 Haec
364 3501 495 3586 quidem
519 3501 735 3566 deliramenta
755 3499 911 3584 loquitur.
1022 3558 1026 3564 .

758 3631 875 3696 Sosia

929 3715 1101 3800 Paulisper
1122 3738 1229 3796 mane,

249 3825 335 3892 Dum
357 3827 556 3893 edormiscat
577 3847 678 3892 unum
701 3847 858 3890 somnum.

697 3955 930 4040 Amphitruo

846 4063 980 4143 Quaene
992 4065 1131 4148 uigilans
1143 4067 1307 4131 somniat?
1324 4075 1375 4127 690

249 4239 454 4248 ..ιη-ιιι-

317 4323 369 4376 684
387 4323 470 4376 abisti
506 4327 538 4375 ui
581 4323 632 4376 686
650 4323 705 4374 iam
723 4321 828 4375 dudum
846 4321 954 4391 pridem
973 4321 1057 4375 modo
1098 4325 1149 4377 686
1167 4323 1223 4377 iam
1261 4325 1313 4377 688
1330 4324 1375 4377 ha·

249 4406 333 4460 bieria
