2992 5054
125 534 147 602 1,
160 540 184 602 1,
196 536 333 590 144—157
603 535 780 604 Amphitruo.

581 724 805 790 Mercurius

129 835 226 900 Clare
249 833 424 898 aduorsnm
446 832 629 914 fabulabor,
652 833 707 899 hic
729 833 892 899 auscultet
913 855 999 918 quas
1022 833 1154 917 loquar3

127 944 233 1028 Igitur
255 942 358 1024 magis
380 941 477 1008 homo
500 943 657 1008 maiorem
679 944 712 1008 in
735 964 805 1008 sese
829 944 994 1027 concipiet
1015 948 1148 1008 metum.

127 1054 225 1136 Agite
247 1051 362 1136 pugni3
384 1052 450 1116 iam
472 1051 569 1131 diust,
593 1052 681 1136 quod
703 1054 812 1116 uentri
834 1053 960 1117 uictum
982 1073 1046 1116 non
1069 1052 1165 1118 datis.

129 1161 201 1226 Iam
223 1160 349 1244 pridem
370 1160 502 1228 uidetur
523 1158 656 1242 factum,
677 1159 749 1226 heri
772 1161 860 1246 quod
881 1161 1029 1226 homines
1052 1167 1211 1244 quattuor

128 1271 167 1336 In
190 1290 342 1353 soporem
364 1269 562 1336 conlocastis
584 1269 698 1335 nudos.

639 1377 756 1444 Sosis

728 1487 883 1553 Formido
906 1485 1000 1566 male,
1209 1487 1260 1541 000

130 1599 179 1662 No
203 1617 263 1679 ogo
286 1596 340 1660 hic
361 1617 481 1660 nomeu
500 1602 685 1662 conmutem
703 1617 811 1660 meum
829 1603 862 1661 et
873 1595 1011 1674 Quintus
1029 1594 1106 1660 fiam
1123 1595 1258 1662 sSosia.

133 1705 295 1784 Quattuor
316 1705 406 1770 uiros
429 1704 539 1788 sopori
562 1725 597 1768 00
620 1703 749 1768 dedisse
772 1703 826 1768 hic
848 1711 1011 1785 autumat3

130 1815 241 1881 Metuo
265 1836 306 1880 uo
329 1835 499 1880 numerum
521 1834 659 1898 augeam
680 1812 782 1878 illum.

583 1938 811 2004 Mercurius

722 2047 793 2128 Em,
817 2047 992 2111 nunciam
1015 2067 1093 2130 ergo
1116 2045 1136 2128 †
1159 2047 1261 2113 sicolo

642 2173 758 2240 Sosia

132 2285 300 2368 Cingitur3
323 2290 412 2348 certe
436 2283 568 2367 expedit
590 2305 634 2348 00.

587 2414 813 2480 Mercurius

659 2523 733 2589 Nou
754 2521 848 2604 ferot,
872 2523 951 2606 quin
972 2521 1118 2607 uapulet.

643 2655 759 2722 80010

132 2746 213 2825 Quis
235 2743 357 2810 homo?

589 2850 815 2916 Mercurius

363 2959 518 3044 Quisquis
550 2957 648 3024 homo
680 2957 745 3023 huc
778 2955 926 3042 profecto
960 2959 1104 3040 uenerit,
1138 2979 1265 3044 pugnos

856 3065 941 3132 edat.
1215 3067 1267 3121 300

644 3175 760 3242 80010

133 3287 261 3373 Apage,
283 3306 349 3350 uon
371 3284 480 3369 placet
501 3306 553 3350 mc
575 3283 639 3349 hoc
661 3285 766 3349 noctis
789 3304 876 3364 0000;
900 3285 1016 3349 cenaui
1038 3282 1152 3363 modo;

133 3397 236 3462 Proin
258 3399 297 3459 tu
318 3394 416 3459 istam
439 3413 553 3459 canam
575 3391 704 3474 largire,
727 3392 755 3457 si
778 3394 875 3476 sapis,
899 3392 1128 3458 esurientibus.

590 3522 813 3588 Mercurius

133 3634 234 3702 Haud
256 3632 380 3699 malum
401 3631 478 3698 huic
501 3637 552 3698 ast
572 3630 700 3717 pondus
722 3651 841 3715 pugno.

646 3762 762 3829 Sosia

830 3870 926 3952 Perii,
948 3889 1074 3953 pugnos
1096 3865 1268 3954 ponderat.

593 3979 819 4046 Mercurius

137 4091 232 4172 Quid,
256 4093 284 4155 si
307 4109 367 4173 ego
389 4089 484 4156 illum
504 4090 638 4156 tractim
660 4095 803 4170 tangam,
826 4094 864 4152 ut
885 4085 1048 4154 dormiat?

185 4349 259 4404 aad
277 4364 409 4402 scorsum
478 4347 529 4401 297
551 4346 639 4414 magis
662 4343 777 4400 modum
801 4361 907 4399 morem
940 4397 942 4402 ,
976 4345 1027 4398 299
1050 4343 1171 4414 primum
1231 4342 1270 4395 eri

137 4438 189 4492 802
207 4436 293 4490 duros
362 4435 413 4488 307
431 4433 549 4488 Promtu

1049 4533 1067 4585 2
