2992 5054
529 633 535 644 ἱ
632 567 809 638 Amphitruo.

156 754 335 822 Comoedia
355 764 393 823 ut
413 757 457 823 sit
479 759 629 824 omuibus
652 757 757 823 isdem
778 757 939 822 uersibus.

156 863 277 931 Utrum
298 866 343 932 sit
364 887 408 932 an
429 887 495 933 nou
517 867 639 932 uoltis?
662 867 727 933 Sed
749 888 809 951 ego
833 867 974 946 stultior,

157 973 258 1052 Quasi
279 975 425 1041 nesciam
446 997 507 1042 uos
528 975 625 1056 uelle,
649 976 706 1060 qui
728 975 823 1042 diuos
846 976 940 1056 siem3

156 1081 267 1148 Teneo
290 1083 368 1168 quid
391 1084 493 1149 animi
516 1085 620 1150 nostri
642 1105 741 1168 super
762 1084 827 1150 hac
848 1105 884 1150 re
908 1085 979 1149 siet.

157 1189 291 1256 Faciam
312 1198 351 1258 ut
373 1193 539 1259 conmixta
561 1193 605 1258 sit
626 1193 939 1274 tragicocomoedia3

156 1297 242 1364 Nam
263 1320 315 1366 me
338 1307 497 1385 perpetuo
520 1300 630 1368 facere
652 1306 690 1367 ut
712 1301 756 1366 sit
778 1299 957 1379 comoedia,

157 1407 263 1492 Reges
285 1428 350 1490 quo
372 1410 508 1476 ueniant
530 1416 564 1476 et
586 1409 630 1490 di,
653 1431 719 1476 non
742 1431 805 1493 par
826 1407 978 1474 arbitror.

158 1515 244 1594 Quid
265 1516 389 1600 igitur?
411 1519 567 1602 quoniam
588 1518 642 1583 hic
666 1539 780 1584 seruos
803 1538 932 1601 quoque
955 1517 1059 1608 partis
1081 1515 1191 1596 habet,

157 1623 292 1688 Faciam
314 1625 366 1706 sit,
387 1626 526 1711 proinde
548 1633 587 1693 ut
609 1627 685 1706 dixi,
706 1626 1016 1708 tragicocomoedia.

158 1733 252 1799 Nunc
275 1732 339 1798 hoc
361 1756 412 1801 me
435 1755 530 1802 orare
555 1756 575 1801 a
596 1733 690 1801 uobis
713 1735 808 1799 iussit
828 1733 985 1818 Iuppiter,

158 1839 204 1906 Ut
226 1843 452 1926 conquistores
476 1843 604 1926 singula
625 1843 659 1906 in
683 1841 839 1907 subsellia

157 1949 246 2015 Eant
267 1971 327 2034 per
348 1956 452 2016 totam
476 1971 613 2017 caueam
635 1949 893 2036 spectatoribus:

159 2056 195 2124 Si
218 2058 296 2144 quoi
317 2057 476 2125 fauitores
500 2059 669 2144 delegatos
691 2057 845 2138 uiderint,

158 2165 205 2232 Ut
226 2167 267 2233 iis
289 2167 323 2232 in
345 2187 449 2233 cauea
470 2169 588 2252 pignus
611 2164 785 2246 capiantur
805 2167 912 2248 togae.

159 2274 224 2353 Qui
246 2275 418 2340 ambissint
439 2276 585 2360 palmam
607 2275 656 2340 bt'c
676 2275 746 2339 ciue
767 2273 982 2340 histrionibus

160 2381 238 2449 Siue
260 2384 437 2468 quoiquam
460 2383 589 2464 artifici,
614 2405 672 2450 seu
694 2403 754 2467 per
776 2383 918 2466 scriptas
940 2382 1069 2447 litteras

160 2489 238 2556 Sine
260 2491 325 2575 ipsi
348 2491 518 2558 ambissint
540 2513 598 2558 seu
621 2513 680 2576 per
702 2491 948 2570 internuntium,

162 2599 240 2666 Siue
262 2599 345 2666 adeo
367 2600 388 2680 t
411 2600 570 2667 sedibiles
591 2599 766 2686 perfidiose
789 2599 867 2683 quoi
890 2598 991 2680 duint,

163 2708 327 2792 Sirempse
350 2708 457 2792 legem
478 2709 574 2773 iussit
596 2729 668 2774 esso
691 2707 848 2790 Iuppiter,

164 2817 265 2896 Quasi
288 2817 518 2899 magistratum
540 2814 603 2881 sibi
627 2815 766 2880 alteriue
789 2813 997 2880 ambiuerint.

163 2925 297 2992 Uirtute
319 2925 403 2990 dixit
425 2945 485 2990 uos
508 2924 651 2989 uictores
673 2923 795 3002 uiuere,

163 3031 237 3098 Non
260 3032 439 3098 ambitione
462 3052 568 3114 nequo
590 3029 745 3115 perfidia3
769 3031 825 3115 qui
848 3032 954 3096 minus

164 3139 289 3206 Eadem
310 3137 462 3205 histrioni
485 3141 528 3205 sit
548 3139 602 3204 lex
625 3161 709 3224 quae
733 3161 858 3204 summo
881 3139 977 3203 uiro?

163 3247 297 3314 Uirtute
322 3248 446 3314 ambire
470 3253 610 3332 oportet,
634 3269 700 3312 uon
721 3245 930 3313 ianitoribus.

165 3355 226 3422 Sat
247 3356 350 3422 habet
371 3355 548 3422 fauitorum
571 3377 700 3439 semper
723 3356 778 3438 qui
801 3361 891 3420 recte
913 3353 1003 3432 facit,

165 3463 200 3530 Si
222 3463 288 3528 illis
310 3463 392 3529 fides
415 3472 475 3544 est,
498 3463 616 3547 quibus
639 3471 690 3530 est
712 3485 751 3529 ea
772 3485 826 3529 res
849 3463 883 3527 in
906 3483 1014 3527 manu.
1263 3462 1298 3514 80

165 3571 238 3637 Hoc
261 3592 391 3657 quoque
415 3574 517 3638 etiam
538 3572 618 3638 mihi
640 3573 674 3638 in
697 3571 862 3638 mandatis
886 3571 979 3635 dedit
995 3576 1099 3652 proter,

165 3677 212 3744 Ut
234 3681 459 3762 conquistores
481 3679 598 3746 fierent
620 3679 850 3745 histrionibus:

167 3787 230 3866 Qui
252 3789 316 3854 sibi
338 3787 528 3854 mandasset
550 3787 693 3872 delegati
716 3793 752 3853 ut
774 3787 971 3872 plauderent

236 4089 271 4144 65
288 4089 496 4158 conquisitores
518 4088 621 4160 singuli
690 4091 724 4144 67
741 4087 866 4144 fautores
936 4088 970 4140 69
988 4085 1054 4142 Sine
1077 4085 1125 4155 qui
1148 4085 1299 4139 ambissent

167 4175 290 4244 palmam
307 4173 492 4230 histrionibus
561 4176 593 4228 'll
614 4173 680 4229 Siue
703 4175 750 4244 qui
773 4175 834 4244 ipse
857 4171 1011 4228 ambissent
1080 4173 1114 4224 te
1132 4169 1162 4225 Si
1180 4171 1301 4225 similem

167 4277 228 4315 rem
245 4260 305 4330 ipse
322 4260 353 4314 iu
370 4260 462 4330 legem
504 4261 539 4314 ts
557 4259 706 4316 ambiuerit
749 4257 905 4315 rehabere
949 4261 981 4312 81
996 4261 1078 4328 pater
1091 4271 1141 4310 om.
1188 4259 1221 4310 82
1236 4273 1301 4310 con-

169 4346 318 4415 quisitores
387 4349 421 4401 8³
439 4345 621 4401 mandassent
