2968 5030
259 515 322 578 412
755 511 891 566 Asinaria„
904 547 908 560 ·

258 707 289 766 iu
311 706 336 765 B
359 725 416 766 sec.
439 727 478 766 m.
502 703 720 781 emendatum),
743 707 763 766 i.
787 727 812 766 e.
835 707 893 766 nisi
915 705 989 766 mihi
1011 725 1109 782 genus
1130 711 1301 767 attrectans
1325 725 1394 783 sup·

258 810 424 888 pliceveris,
442 813 477 868 ut
494 811 537 868 eit
554 807 672 884 Douze;
695 809 831 888 id·quod
853 814 1011 889 precantes
1032 809 1131 868 iecere
1154 809 1308 883 solebmt,
1332 807 1394 867 vid.

257 911 344 970 lliud.
357 913 381 983 l,
396 913 471 972 500:
495 912 540 968 sci
559 917 593 990 ῥα
616 912 732 990 πάροιθ’
756 912 848 970 oiuo's'o
870 915 1001 980 καθέζοιο
1022 912 1068 970 καὶ
1089 911 1154 987 λάβε
1175 913 1295 990 γούνων,
1320 911 1395 970 uliu-

259 1035 316 1092 que
343 1015 446 1074 multe.
471 1043 509 1054 -
535 1015 606 1074 664.
629 1013 674 1074 Ne
701 1015 758 1075 hoo
786 1014 907 1094 quidem
934 1019 1054 1074 recuset
1082 1015 1258 1074 adulescens
1288 1015 1396 1091 inopie

259 1122 390 1188 coaetus,
419 1115 473 1176 sed
500 1117 605 1175 nolens
634 1136 689 1177 nec
711 1117 768 1190 ite,
792 1123 826 1177 ut
846 1135 916 1177 vere
938 1117 1105 1196 supplicem
1128 1117 1268 1192 decebat,
1295 1135 1396 1193 genus

258 1221 336 1278 servi
364 1219 466 1292 fricet,
495 1239 523 1276 v.
549 1220 619 1278 671.
643 1249 686 1260 --
709 1215 786 1280 dani
806 1221 871 1279 cod.
895 1219 935 1292 B,
963 1219 1033 1279 inde
1056 1221 1161 1280 ceteri:
1194 1219 1251 1294 ,ds
1279 1217 1395 1291 nune“,

258 1327 446 1400 repugnante
462 1341 565 1395 versu;
583 1319 743 1381 Gruterus:
765 1319 890 1396 „dcne“,
907 1323 928 1380 i.
946 1342 971 1381 e.
990 1321 1090 1396 dune,
1108 1321 1190 1400 quod
1205 1324 1249 1381 its
1268 1323 1394 1394 retinui,

257 1429 293 1482 nt
318 1422 413 1496 „dun“
439 1424 607 1497 scriberem,
632 1443 812 1501 quemquem
828 1423 963 1483 mollem:
990 1424 1096 1498 ,modo
1114 1421 1185 1484 des¹‘
1206 1429 1259 1483 cut
1281 1423 1395 1498 „det“;

258 1526 311 1584 sed
337 1525 460 1599 ,modo“
487 1529 584 1586 omitti
606 1547 695 1606 posse
719 1547 778 1586 non
801 1525 900 1588 credo.
922 1555 967 1568 -
990 1527 1062 1586 666.
1088 1525 1169 1600 ,Isto
1191 1525 1343 1585 beneficio
1366 1531 1397 1583 et

257 1628 430 1688 libertatem
455 1649 472 1686 a
496 1630 615 1689 domino
642 1649 823 1707 consequere
851 1635 882 1688 et
910 1649 977 1688 eum
1005 1647 1123 1706 semper
1148 1629 1204 1688 tibi
1227 1629 1396 1688 obnoxium

257 1727 381 1790 reddes“
406 1730 511 1790 Lemb.
555 1729 600 1790 De
622 1747 687 1792 eme
709 1733 747 1792 cf.
771 1732 820 1790 71.
843 1761 887 1773 -
911 1729 1074 1804 ,benfieio“
1100 1731 1251 1790 scribebat
1274 1731 1394 1790 Ritsch.

257 1832 364 1909 Opusc.
388 1833 426 1906 11,
449 1853 479 1911 p.
501 1835 571 1893 718.
594 1865 636 1873 -
659 1836 730 1894 668.
755 1829 939 1910 Numquam
959 1849 1009 1894 nse
1031 1849 1147 1907 orares,
1170 1831 1248 1912 quic
1270 1829 1394 1906 dareve,

257 1936 276 1993 i.
301 1955 325 1992 e.
354 1955 415 1994 non
443 1935 556 2017 inustre
583 1957 629 1996 me
658 1957 770 1996 orares.
815 1935 862 1997 Fi.
891 1956 927 1994 ex
953 1937 1040 1996 melis
1068 1935 1169 1996 codd:
1202 1935 1394 2013 ,Numquam

257 2035 434 2110 morerem“,
459 2040 542 2096 etin
566 2045 697 2098 extremo
719 2059 806 2098 versu
829 2039 866 2098 de
885 2058 954 2098 suo:
981 2043 1119 2111 ,orer-est
1136 2035 1274 2098 melins“.
1311 2037 1393 2096 Neu·

199 2123 201 2128 ¹
257 2145 305 2200 tro
328 2159 411 2217 opus.
429 2135 587 2216 —·illum,
611 2141 767 2215 Libanum,
791 2143 838 2201 cui
860 2143 920 2200 iem
942 2143 1106 2202 cruminam
1128 2141 1233 2200 tradit.
1274 2135 1393 2200 ntelius

259 2243 315 2316 est,
340 2244 375 2302 of.
399 2243 467 2302 Ter.
486 2243 563 2302 Eun.
586 2246 656 2303 765.
683 2275 720 2285 -
746 2246 817 2304 669.
841 2238 919 2304 Illic
940 2243 1026 2303 codd.
1050 2247 1190 2323 correpte
1211 2243 1329 2317 ultime,
1356 2241 1391 2300 ci'.

257 2344 337 2404 Prol.
361 2367 391 2422 p.
412 2347 483 2404 204.
507 2347 749 2426 Miltopes&
770 2366 831 2424 eq.;
854 2345 942 2407 Both.
967 2346 1011 2404 Fl.
1040 2343 1127 2418 ,ille“
1154 2345 1326 2405 ediderunt.
1349 2373 1392 2384 -
1469 2383 1470 2438 3

259 2445 270 2504 i
293 2463 370 2508 sane
393 2441 472 2508 bella
497 2443 586 2521 belle,
611 2451 646 2508 cf.
671 2449 755 2508 Cure.
782 2451 858 2508 520:
893 2447 1042 2525 ,Sequere
1063 2449 1156 2508 istum
1178 2447 1258 2506 belle
1279 2445 1390 2506 belle“.
1469 2439 1470 2467 ¹

258 2549 335 2608 Rud.
360 2552 431 2608 426.
454 2581 497 2592 -
519 2545 626 2611 Etiam
656 2571 734 2629 sepe
762 2551 886 2629 ponitur
907 2552 939 2608 in
960 2551 1110 2629 principio
1132 2551 1390 2627 interrogationis,

258 2652 309 2710 ubi
333 2654 491 2728 queritur,
523 2659 575 2712 eut
603 2653 684 2730 qnod
706 2675 761 2732 per
789 2673 821 2712 ee
847 2655 898 2712 vix
926 2653 1080 2739 credibile,
1097 2653 1230 2725 videtur,
1259 2657 1294 2710 ut
1316 2653 1347 2710 h.
1370 2651 1389 2709 l.
1468 2733 1469 2736 Ἴ

258 2754 363 2812 Bsccb.
379 2756 455 2812 327:
478 2754 593 2827 „Etiam
613 2755 751 2834 roges?“,
770 2760 841 2815 item
853 2755 945 2814 Mero.
961 2756 1031 2814 198.
1049 2755 1157 2814 Escoh.
1171 2757 1249 2814 903:
1270 2753 1389 2827 ,Etiam

258 2876 304 2914 me
327 2855 468 2914 mones?“
500 2857 593 2917 Mero.
613 2861 688 2917 751:
716 2858 833 2932 ,Etiam
855 2856 977 2936 neges“.
1008 2857 1095 2935 Gspt.
1114 2861 1191 2917 550:
1219 2863 1271 2932 „tu
1288 2863 1389 2916 sutem
1468 2903 1469 2918 t

259 2960 346 3017 etium
364 2958 433 3017 huic
451 2957 598 3033 eredis?“,
624 2961 779 3038 estquod
800 2966 927 3039 propter
949 2960 1072 3020 ulterius
1090 2963 1310 3019 cunctationem
1327 2961 1389 3018 fore

258 3083 318 3120 non
334 3061 464 3134 videtur,
483 3062 518 3120 cf.
531 3063 601 3121 Aul.
615 3065 691 3121 249:
719 3063 837 3136 ,Etiam
855 3063 930 3122 mibi
946 3062 1113 3141 despondes
1136 3059 1258 3120 filium“.
1281 3061 1388 3121 Becch.

262 3167 356 3223 1161:
385 3163 502 3236 „Etiam
526 3165 650 3224 redditis
673 3166 758 3225 nobis
781 3165 859 3225 filios
879 3172 909 3224 et
926 3162 1084 3225 seruom?“
1122 3163 1186 3224 Hoc
1207 3163 1388 3223 adhortandi

258 3267 407 3344 quendum
429 3269 489 3326 vim
511 3267 609 3340 hebet,
633 3289 687 3326 nec
710 3269 836 3326 multum
853 3267 939 3326 abest
958 3287 976 3326 e
995 3265 1116 3344 „quin“,
1139 3266 1201 3326 vid.
1219 3265 1300 3326 infru
1317 3269 1387 3326 707.

260 3401 297 3410 -
323 3373 394 3430 671.
418 3367 572 3445 nequiter,
597 3371 687 3444 mele;
711 3369 875 3448 apparebat
897 3374 928 3428 te
950 3370 1102 3429 nolentem
1125 3369 1237 3443 fecere,
1264 3385 1292 3429 v.
1317 3369 1386 3428 664.

256 3505 299 3514 -
323 3475 394 3532 672.
419 3467 488 3550 Aqe
516 3469 564 3532 eis
594 3477 650 3532 eto.
696 3472 766 3531 Haec
789 3472 904 3531 Libano
934 3471 1018 3530 dicit.
1041 3501 1084 3514 -
1104 3469 1296 3548 inparem,
1321 3473 1340 3530 i.
1363 3491 1386 3528 e.

257 3596 313 3653 pro
336 3583 390 3634 tue
411 3581 507 3653 perte,
532 3576 568 3634 cf.
593 3575 698 3633 Horat.
720 3575 816 3653 Epod.
841 3577 870 3648 2,
895 3577 951 3634 39:
979 3573 1083 3648 ,Quod
1105 3577 1129 3633 si
1152 3574 1262 3653 pudice
1285 3575 1388 3632 mulier

257 3680 288 3736 in
310 3685 425 3756 purtem
447 3675 561 3738 iuvet“.
597 3677 675 3735 infre
699 3680 769 3737 907.
804 3677 866 3736 Fi:
893 3683 994 3751 ,tuum
1016 3675 1165 3755 pertem“,
1189 3679 1275 3754 quusi
1306 3682 1385 3735 tuem

256 3784 360 3840 vicem.
384 3811 427 3820 —-
451 3784 522 3840 673.
550 3781 635 3853 „Non
664 3787 721 3852 est,
751 3781 864 3857 inquit,
897 3780 976 3858 quod
1004 3801 1050 3840 me
1078 3801 1216 3852 moncus3
1244 3782 1386 3858 promitto

257 3905 303 3943 me
332 3886 362 3942 in
390 3884 446 3944 hoc
474 3883 644 3943 deludendo
671 3891 700 3941 te
730 3885 828 3962 ipsum
851 3873 1091 3962 supereturuffl,
1115 3883 1296 3943 Schmieder.
1344 3899 1387 3940 οιο

256 3987 390 4063 οοοοίοο,
414 3988 450 4046 cf.
479 3988 548 4045 144.
572 4017 615 4026 -
638 3989 708 4044 675.
732 3981 1038 4046 Inoosbulondumst.
1083 3985 1217 4063 Superbe
1246 3991 1278 4044 ct
1303 3985 1386 4063 quasi

258 4091 395 4149 abiturus
418 4089 591 4162 inambulet,
615 4095 702 4148 uteo
725 4088 814 4148 herus
836 4091 944 4148 timore
967 4094 1090 4148 vexatus
1114 4095 1324 4167 persequutor.
1347 4119 1386 4130 -

258 4196 329 4252 676.
354 4190 399 4252 sis
421 4188 582 4269 sospitem,
605 4193 624 4251 i.
650 4213 673 4250 e.
698 4194 722 4250 si
746 4193 861 4250 serv-cri
883 4191 938 4250 vis.
961 4221 1005 4232 -
1028 4193 1098 4251 678.
1124 4185 1299 4263 Uidebitur,
1323 4195 1343 4252 i.
1362 4213 1384 4249 e.

258 4295 479 4355 deliberabitur.
530 4294 694 4371 Equidem,
724 4297 837 4371 inquit,
866 4294 977 4354 fectum
1005 4294 1088 4366 volo;
1117 4293 1241 4367 videbo,
1270 4295 1295 4352 si
1324 4293 1385 4352 fien'

257 4399 362 4473 possit.
384 4427 428 4438 -
450 4393 634 4470 conticitum,
658 4399 676 4454 i.
702 4417 727 4455 e.
752 4418 816 4455 cres
839 4417 924 4457 mune
947 4403 1015 4456 unte
1037 4396 1213 4456 diluculum.
1253 4395 1386 4456 Voeebu·

258 4497 320 4555 lum
341 4498 384 4555 ite
406 4500 526 4575 scripsi,
555 4504 591 4555 ut
619 4504 665 4556 est
691 4499 721 4556 in
744 4499 810 4557 cod.
835 4505 864 4558 et
887 4499 967 4576 spnd
989 4499 1031 4558 M.
1054 4499 1157 4558 Aurel.
1181 4499 1220 4557 sd
1241 4499 1383 4557 Fronton.
