2992 5054
251 410 291 470 53
669 389 673 394 '
766 405 859 460 rane
1178 405 1369 471 maes-m
1434 439 1435 448 ι

293 595 423 660 Testem
444 615 540 679 quem
564 594 687 660 dudum
708 601 742 660 te
764 595 981 662 adducturum
1004 595 1142 676 dixeras,

293 703 338 768 Te
361 703 425 768 huo
446 724 512 768 non
535 704 685 770 neumae?

720 812 907 896 Iuppiter

692 919 807 1004 Siquid
829 920 985 986 dictumst
1006 943 1065 1007 per
1087 922 1204 1002 iocum,

292 1029 367 1096 Non
390 1034 561 1114 aequomst
582 1027 616 1094 id
638 1035 671 1094 te
694 1030 779 1094 sorio
798 1030 1011 1113 praeuerticr.

706 1136 925 1202 Alcumena

292 1246 363 1328 Ego
385 1244 466 1310 illud
489 1246 557 1312 scio
581 1265 679 1330 quam
702 1245 844 1311 doluerit
867 1245 959 1310 cordi
980 1266 1062 1310 mco.

722 1353 906 1437 Iuppiter

292 1462 357 1528 Per
379 1461 544 1527 dexteram
567 1468 657 1527 tuem
680 1469 722 1542 te,
745 1462 933 1541 Alcumena,
956 1482 1023 1542 oro,
1047 1461 1193 1542 obsecro,

293 1571 345 1635 Da
366 1569 445 1635 mihi
466 1569 551 1634 hauc
572 1571 712 1650 ueniam,
736 1572 878 1653 ignosce,
900 1571 987 1636 irata
1007 1591 1049 1636 ue
1071 1570 1143 1634 sice.

707 1679 925 1745 Alcumena

292 1787 363 1870 Ego
385 1787 490 1852 istaec
511 1783 574 1851 feci
596 1787 699 1852 uerba
721 1787 846 1852 uirtute
869 1787 977 1852 inrita.

292 1895 385 1960 Haec
407 1893 538 1979 quando
560 1891 658 1960 factis
681 1917 732 1960 me
755 1895 916 1978 inpudicis
939 1893 1090 1974 abstinet

292 2003 342 2069 Ab
365 2003 526 2086 inpudicis
550 2002 645 2067 dictis
668 2005 776 2068 auorti
798 2003 884 2106 uolo.

292 2111 421 2192 Uolcas,
444 2111 506 2176 tibi
528 2111 651 2176 habeas
672 2132 727 2176 res
750 2116 832 2191 tues,
853 2109 972 2176 reddes
994 2130 1094 2175 meas.
1146 2163 1151 2173 .

292 2217 396 2286 Iuben
418 2219 498 2285 mihi
520 2222 568 2284 ire
591 2220 750 2284 comites?
1102 2234 1103 2237 ’

719 2325 906 2409 Iuppiter

764 2433 891 2499 Sanane
913 2433 972 2498 es?

590 2525 592 2527 ¹
707 2541 926 2607 Alcumena

976 2650 1011 2716 si
1031 2671 1099 2715 non
1119 2649 1223 2730 iubes,

293 2757 352 2824 1b0
375 2763 519 2842 egomet3
543 2759 694 2823 comitem
716 2757 796 2822 mihi
818 2758 1010 2842 pudicitiam
1032 2758 1165 2824 duxero.

721 2866 906 2950 Iuppiter
1434 2898 1435 2972 p

292 2975 398 3054 Mene,
422 2974 589 3040 arbitratu
610 2981 668 3040 tuo
690 2975 935 3041 iusiurandum
957 2973 1054 3054 dabo,
1434 2973 1435 3016 ἲ

293 3083 345 3148 Me
367 3104 475 3147 meam
497 3082 649 3167 pudicam
672 3105 743 3148 esse
764 3104 900 3149 uxorem
922 3082 1125 3147 arbitrarier.
1325 3080 1374 3135 925

293 3190 333 3256 Id
355 3210 415 3272 ego
438 3193 467 3256 ei
487 3190 576 3270 fallo,
600 3199 669 3257 turn
691 3199 735 3270 te,
759 3211 883 3257 summe
906 3191 1063 3275 Iuppiter,

293 3299 421 3378 Quaeso
444 3298 673 3383 Amphitruoni
695 3305 733 3364 nt
754 3320 885 3382 semper
906 3300 1011 3364 iratus
1032 3300 1105 3364 sies.

707 3406 924 3473 Alcumena

293 3516 352 3596 Ah,
375 3515 538 3600 propitius
560 3515 603 3580 eit
625 3516 744 3599 potius.

724 3623 908 3706 Iuppiter
958 3691 962 3699 ¹

763 3729 899 3796 confido
922 3729 1008 3811 fore;

292 3841 375 3906 Nam
399 3839 645 3906 iusiurandum
668 3861 782 3906 uerum
804 3846 837 3905 te
859 3838 1037 3904 aduorsum
1060 3837 1144 3903 dedi.

255 3945 258 3952 ’
292 3949 362 4014 Iam
384 3968 471 4013 nunc
491 3949 579 4014 irata
600 3970 667 4014 non
690 3949 747 4014 es?

318 4203 467 4258 aloinum
535 4203 732 4260 medexena
801 4205 852 4259 919
868 4201 950 4259 Nunc
1003 4203 1129 4259 abstines
1193 4203 1244 4258 999
1261 4199 1370 4257 Sennen

249 4291 301 4344 928
317 4289 485 4358 Apropioius
