2976 5056
238 507 299 570 338
713 503 888 572 Amphitruo.

237 699 256 756 i.
281 717 306 756 e.
331 695 539 776 conspiciatur,
562 697 739 768 inveniatur,
763 697 898 772 quemvis
921 691 1087 773 quaratiii'3
1109 695 1286 774 potentialis
1308 693 1388 770 qui·

238 799 307 858 dam
329 799 532 858 coniunctivae
555 804 601 858 est
630 795 743 872 (Madv.
767 795 818 856 Gr.
842 797 908 856 Lat.
934 794 1023 871 350),
1053 799 1153 874 quasi:
1182 797 1389 856 miseriorem

237 901 315 962 haud
350 900 437 960 laoile
471 901 626 978 quisquam
659 901 792 958 inveniat
824 919 852 958 v.
886 901 1043 959 invenerit.
1093 899 1136 958 01.
1160 898 1262 959 ΔιιΙιιΙ.
1292 899 1385 958 56οι

241 1001 325 1076 ,Non
347 1009 447 1080 potem
470 1021 524 1080 ego
547 999 698 1079 quidem“.
732 1001 780 1060 Ad
801 999 903 1078 anapia
925 1006 978 1060 aut
1004 998 1147 1074 ,misera“
1163 999 1389 1072 audiendum,

237 1112 290 1164 aut
317 1105 496 1182 simpliciter
522 1123 586 1164 cum
619 1100 794 1176 ,miserior“
820 1103 1015 1182 iungendum,
1040 1103 1076 1163 cf.
1100 1102 1139 1162 ed
1161 1105 1233 1162 297.
1280 1100 1383 1175 Quod

237 1207 271 1264 V.
295 1205 331 1265 D.
361 1204 441 1283 apud
469 1206 591 1265 Leman.
620 1205 704 1284 Spec.
734 1225 763 1283 p.
791 1207 828 1264 13
860 1207 1000 1265 coniecit:
1037 1205 1116 1278 ,Nec
1148 1225 1196 1264 me
1229 1205 1384 1264 miserior

237 1309 355 1380 femina,
379 1307 482 1385 Neque
505 1308 558 1366 illa
579 1307 721 1366 uideatur
741 1306 867 1382 magis“‚
891 1309 974 1378 illam
990 1308 1162 1368 Alcmenam
1185 1307 1381 1385 intelligens,

238 1431 272 1468 ea
293 1409 429 1487 proiecto
451 1429 510 1469 non
533 1414 578 1466 est
601 1412 709 1468 misera
726 1408 778 1468 sed
795 1411 923 1469 omnium
941 1410 1119 1469 felicissima.
1140 1440 1181 1450 -
1203 1412 1297 1468 1077.
1321 1403 1383 1468 ubi

230 1509 389 1589 parturit,
424 1507 499 1572 deos
533 1505 594 1570 ati
627 1507 751 1570 inuocat
783 1511 867 1570 codd.
897 1517 1049 1589 corrupte,
1078 1531 1139 1572 non
1169 1512 1264 1571 solum
1299 1512 1383 1588 qnia

140 1661 146 1674 .
237 1615 367 1674 numeris
391 1619 502 1686 carent,
527 1612 691 1672 sedetiam
714 1617 786 1690 quia
809 1613 949 1691 epodosis
971 1634 1029 1672 non
1047 1614 1077 1672 id
1096 1615 1247 1673 continere
1265 1613 1383 1685 debet,

238 1715 317 1795 quod
334 1722 442 1794 sponte
459 1718 603 1792 sequitur,
627 1715 679 1774 sed
701 1735 743 1787 aa,
768 1735 833 1793 que
850 1717 988 1794 proximo
1004 1735 1092 1774 vorsu
1108 1716 1243 1794 legimus.
1279 1715 1378 1776 Both.

238 1819 329 1878 coni:
358 1818 426 1892 ,ubi
443 1815 573 1895 portate
601 1817 672 1876 deos
700 1817 757 1877 sibi
782 1817 931 1890 inuocat“,
960 1820 991 1878 in
1014 1818 1121 1896 quibus
1143 1839 1205 1878 non
1227 1817 1382 1895 equidem

238 1941 304 1980 cum
326 1919 531 1980 Lindemanno
558 1917 678 1992 „deem“
705 1922 826 1997 requiro
851 1918 905 1994 (sc.
929 1919 1081 1992 Lucinam,
1105 1919 1165 1978 vid.
1188 1919 1257 1978 Aul.
1280 1916 1381 1993 682),

238 2022 290 2084 sed
311 2022 452 2100 loquendi
475 2041 567 2099 genus
589 2021 725 2098 improbo
743 2043 760 2080 a
776 2021 964 2099 philosophis
982 2022 1105 2082 deorum
1121 2025 1183 2081 vim
1201 2027 1231 2080 et
1247 2024 1378 2080 nomine
1474 2087 1475 2098 ,

237 2124 456 2203 explicantibus
479 2126 615 2202 petitum.
655 2123 790 2182 Lindom.
815 2124 932 2182 scribit:
960 2125 1030 2197 ,ubi
1052 2125 1193 2203 parturit,
1217 2123 1291 2182 deos
1314 2117 1376 2182 ubi
1474 2113 1475 2150 ¹

237 2224 356 2287 uocat“.
402 2225 461 2286 Sed
489 2227 520 2284 in
548 2225 601 2284 teli
631 2224 784 2303 anaphora
810 2225 960 2302 particula
992 2229 1023 2285 in
1055 2233 1183 2304 utraque
1217 2225 1376 2284 sententia

238 2331 367 2406 primum
389 2328 487 2387 locum
506 2335 607 2386 tenere
624 2327 722 2386 dohet.
757 2327 882 2388 Plautus
906 2329 968 2387 sine
991 2328 1082 2387 dnbio
1104 2328 1225 2406 planius
1246 2327 1379 2386 locutus-

238 2439 297 2508 aet,
320 2431 418 2490 velut:
451 2429 519 2503 ,ubi
547 2431 718 2506 parturiens
741 2429 811 2488 daos
833 2428 890 2487 eibi
911 2427 1019 2490 uocat“
1050 2436 1116 2490 eut:
1143 2429 1212 2503 ,ubi
1234 2432 1380 2508 parturit·

237 2533 369 2610 deosque
401 2528 558 2603 inuocat“;
597 2531 675 2608 quod
708 2551 852 2608 reponem
886 2551 975 2592 ansus
1009 2551 1083 2592 sum.
1128 2531 1187 2590 Sed
1219 2534 1371 2610 proximae

238 2636 392 2695 sententiae
423 2634 566 2710 quaeritur
595 2633 676 2710 quod
702 2633 827 2693 verbum
856 2635 910 2706 sit;
938 2653 1007 2694 nam
1036 2634 1062 2692 si
1090 2633 1175 2710 podd.
1201 2635 1370 2711 sequimur,

238 2736 415 2814 quibuscum
448 2737 598 2796 consentit
627 2735 741 2795 Nonius
774 2756 803 2813 p.
830 2737 889 2794 22⁷
926 2729 1113 2809 (Jour‘lrus
1145 2736 1275 2811 positum
1309 2755 1372 2812 pro

236 2840 364 2898 tonitru.
393 2836 520 2896 Plautus
537 2833 639 2910 ete.“)‚
657 2857 715 2896 non
733 2839 797 2896 sine
813 2856 922 2916 magna
945 2837 1107 2898 offensione
1129 2837 1252 2896 verbum
1277 2837 1370 2896 omis·

238 2959 302 3000 sum
326 2945 380 3000 est.
414 2937 538 2998 Accedit
560 2957 749 2999 numerorum
772 2941 887 3014 vitium,
911 2959 985 3017 quos
1007 2939 1106 2998 deleto
1128 2938 1246 2998 demum
1269 2939 1369 3016 primo

241 3040 311 3118 ,ut“
337 3041 509 3101 Hermanno
531 3047 652 3100 auctore
670 3039 716 3099 1⁴²1.
740 3043 772 3100 in
795 3043 1008 3119 anapesticuin
1030 3041 1215 3100 octonarium
1239 3039 1372 3115 redegit.
1473 3063 1474 3076 .

236 3145 313 3204 hlihi
341 3149 393 3204 aut
420 3140 530 3218 strepit
557 3163 614 3220 pro
644 3140 822 3219 ,strepitus“
849 3143 1038 3202 scribendum
1066 3143 1187 3201 videtur
1215 3147 1282 3213 aut,
1307 3161 1370 3218 quo

236 3247 457 3308 tolerabiliores
474 3243 550 3304 liunt
568 3246 691 3318 numeri,
716 3241 796 3304 tonil
812 3263 868 3321 pro
887 3247 1026 3304 tonitrus.
1062 3245 1170 3304 Tertia
1188 3245 1279 3302 etiam
1297 3263 1368 3302 con·

236 3351 397 3426 iugationie
425 3349 481 3406 hoc
509 3347 634 3406 verbum
663 3365 726 3406 esec
755 3365 843 3424 posse
872 3353 1002 3408 testatm
1032 3347 1127 3405 malus
1148 3347 1195 3404 rei
1216 3345 1369 3421 interpres

236 3451 353 3511 Nonius
375 3471 404 3528 p.
429 3452 484 3508 49:
520 3449 680 3522 ,Tonimus
707 3449 839 3525 positum
867 3469 1005 3508 sonamus
1028 3468 1094 3508 oum
1116 3446 1218 3520 modo,
1243 3467 1261 3505 a
1282 3453 1368 3506 tono.

236 3553 332 3612 Varro
349 3550 578 3610 Eumenidibus:
603 3549 670 3608 Tibi
692 3555 836 3627 tympana
858 3571 918 3610 non
941 3553 1023 3614 inani
1039 3554 1140 3610 sonitu
1151 3549 1260 3608 Matris
1277 3549 1368 3608 deum

236 3652 400 3714 tonimus“.
446 3653 493 3712 Ad
516 3673 648 3726 sensum,
671 3671 732 3711 non
754 3652 793 3710 ad
815 3658 1010 3726 structuram,
1035 3653 1163 3712 conferri
1184 3657 1287 3730 potest
1309 3651 1371 3709 Pa-

237 3757 314 3816 cuvii
336 3757 534 3833 fragmentum
558 3753 637 3832 apud
655 3753 744 3814 Ribb.
767 3773 796 3812 v.
818 3756 878 3814 335
898 3774 958 3831 eq.:
987 3758 1220 3828 ,armamentum
1243 3753 1368 3826 stridor,

237 3857 401 3934 Strepitus,
425 3859 575 3929 fremitus,
600 3857 719 3928 clamor,
742 3857 906 3916 tonitruum
928 3862 960 3914 ot
982 3857 1140 3915 rudentum
1164 3853 1298 3914 sibilus.“
1323 3885 1368 3895 -

241 3961 330 4017 1070.
355 3955 475 4034 crepitu
496 3979 562 4017 cum
586 3957 790 4016 Lindemanno
820 3956 909 4016 credo
938 3977 973 4016 ex
1002 3959 1156 4036 superiore
1179 3977 1267 4016 versu
1290 3957 1367 4016 male

237 4063 398 4136 repetitum
433 4079 505 4120 esse.
550 4059 614 4118 Hoc
648 4059 746 4118 deleto
780 4059 874 4118 multo
908 4061 1098 4120 iucundiores
1130 4060 1206 4118 fiunt
1238 4061 1368 4132 numeri,
1472 4051 1473 4068 ³

237 4168 353 4222 retento
391 4165 543 4242 posterior
580 4181 684 4220 versus
722 4180 792 4239 pars
826 4183 843 4250 p
875 4162 1141 4238 proceleusmatico
1175 4162 1289 4239 incipit.
1323 4191 1366 4201 -

241 4267 321 4323 loeo
345 4269 376 4324 et
399 4267 436 4323 81
462 4264 605 4322 trochaici
634 4264 797 4339 septenarii
825 4269 895 4323 aunt
923 4264 1058 4323 iambicis
1087 4265 1247 4324 octonariis
1275 4265 1365 4322 iuter-

237 4366 343 4442 positi,
368 4366 404 4424 cf.
428 4365 545 4440 Pmleg.
569 4387 598 4440 p.
627 4366 695 4423 186.
718 4395 761 4404 -
787 4367 877 4424 1083.
902 4365 958 4423 llic
980 4387 1082 4424 versus
1105 4365 1246 4424 iambicus
1274 4373 1367 4424 tetre-
