2960 5038
551 461 762 532 Proleqomena
965 455 968 464 ¹
1158 471 1221 532 223

63 658 199 712 ·ceterse
225 655 364 714 orationis
385 662 487 732 partes
515 677 581 716 cum
602 659 747 733 proximis
768 658 893 718 vocibus
915 660 1037 731 iuncte,
1061 660 1112 718 ubi
1134 681 1221 720 voca-

86 755 147 812 lem
169 757 286 816 vocalis
309 759 432 834 excipit,
455 759 607 818 elisionem
630 763 797 837 patiantur,
820 766 922 818 tamen
945 761 1113 834 interdum,
1137 765 1222 839 quasi

87 857 220 918 divulsae
248 879 266 918 a
291 859 409 936 reliquo
434 879 584 936 sermone,
613 862 698 921 hiatu
726 883 744 922 a
771 865 916 940 proximis
939 871 1127 940 separantur.
1172 865 1223 924 Fit

86 958 143 1018 hoo
165 963 298 1020 maxime
319 965 351 1020 in
373 964 593 1039 monosyllabis,
616 970 652 1024 ut
671 965 738 1038 „ah,
756 985 803 1038 su,
821 985 847 1038 o,
866 965 934 1038 heu,
954 965 1030 1040 em“,
1053 987 1082 1026 v.
1100 967 1221 1040 Mulier,

85 1081 117 1139 p.
142 1065 209 1122 723
233 1084 313 1141 sqq,
337 1065 390 1122 sed
412 1068 502 1124 etiam
527 1065 693 1143 ,Eugepa“
719 1067 806 1145 Gapt.
831 1069 902 1126 815.

174 1167 227 1224 Ab
248 1168 303 1226 hoc
326 1186 386 1225 non
408 1169 535 1226 multum
558 1169 706 1244 abhorret,
730 1170 920 1248 quodetiam
937 1176 1007 1248 post
1024 1174 1222 1233 vocativo·
1295 1207 1298 1214 ·

86 1267 243 1328 interdum
265 1269 375 1342 hiatur,
399 1291 426 1328 v.
445 1271 553 1347 Amph.
576 1273 672 1330 1097:
695 1273 885 1349 Amphitruo.
921 1273 973 1332 As.
998 1276 1075 1334 609:
1098 1273 1221 1336 Libane.

86 1368 168 1427 Men.
196 1373 276 1430 423:
307 1372 468 1432 Messenio.
513 1373 579 1432 Mil.
605 1375 702 1433 1319:
733 1375 992 1436 Philocomasium.
1037 1376 1118 1436 Pers.
1144 1379 1221 1436 616:

87 1470 193 1549 Virgo.
241 1473 333 1533 Stich.
357 1476 434 1534 466:
457 1474 633 1558 Epignomo.
678 1477 765 1536 Troo.
791 1479 867 1537 328:
890 1479 1082 1557 Astaphium.

175 1576 240 1634 Sed
270 1577 414 1636 latissime
442 1583 528 1654 patet
556 1597 591 1638 ea
618 1581 680 1638 sive
710 1581 759 1638 lex
786 1583 849 1638 sive
878 1583 1014 1658 exceptio
1044 1581 1132 1658 legis,
1164 1601 1223 1660 qua

88 1677 219 1737 Plautus
249 1681 370 1738 omnino
397 1687 465 1756 post
491 1682 751 1758 monosyllaba
778 1683 924 1742 vocabula
956 1684 1072 1742 hiatum
1102 1663 1247 1743 concsffi'

88 1799 177 1856 posse
201 1783 337 1859 putavit,
359 1784 405 1840 ita
427 1783 563 1860 quidem,
585 1789 621 1842 ut
647 1785 774 1857 vocalis,
802 1787 828 1843 si
855 1767 944 1862 longa
965 1787 1019 1856 sit,
1043 1785 1224 1861 corripiatur

90 1879 174 1954 (vide
194 1904 287 1962 supra
302 1904 333 1962 p.
347 1887 418 1956 219,
442 1885 493 1944 ubi
515 1887 603 1944 etiam
627 1889 817 1964 exceptiones
839 1885 1028 1961 affamntur).
1065 1886 1102 1945 Id
1123 1891 1224 1946 utrum

90 1988 319 2064 perspicuitatis
348 2007 440 2046 causa
466 1985 533 2060 fiat,
561 2009 599 2048 ne
621 1989 782 2048 obscurata
803 2009 860 2066 per
880 1989 1070 2066 synaloephen
1092 2008 1223 2076 pronun-

89 2089 222 2148 tiatione
243 2109 301 2148 vox
323 2091 408 2166 parvi
432 2090 561 2150 ambitus
583 2112 689 2169 parum
711 2093 907 2168 intelligatur,
932 2112 971 2150 au
992 2096 1119 2169 propter
1136 2092 1224 2150 aliam

92 2192 247 2266 quandam
275 2193 385 2267 lingue
410 2199 462 2252 aut
484 2196 628 2253 sermonis
657 2196 820 2267 rationem,
844 2194 1009 2253 diiudicare
1031 2215 1092 2253 non
1115 2194 1223 2253 audeo.

91 2291 180 2364 Quod
205 2301 315 2369 eutem,
340 2298 392 2372 qui
413 2295 527 2372 primus
548 2295 625 2356 hanc
647 2298 743 2373 legem
765 2299 930 2374 proposuit,
950 2296 1103 2356 Bentleius
1122 2293 1223 2370 (Sche-

92 2394 199 2456 diasm.
219 2395 236 2472 §
255 2394 298 2472 8),
322 2397 408 2457 addit
427 2400 483 2459 hoc
504 2399 570 2459 fieri
595 2401 644 2473 „in
665 2400 767 2476 priore
784 2399 900 2475 syllaba
915 2399 1021 2459 soluta
1038 2401 1123 2473 arsis,
1141 2405 1176 2458 ut
1191 2399 1224 2458 sb

92 2505 167 2572 crat,
187 2501 276 2576 qutm
294 2499 405 2574 amat“,
423 2503 455 2560 id
471 2523 577 2579 parum
595 2507 765 2560 accuratum
782 2507 843 2574 est3
861 2522 930 2561 nam
946 2501 981 2561 fit
992 2505 1082 2561 etiam
1089 2503 1124 2564 in
1135 2503 1223 2575 thesi,

94 2619 185 2676 quam
209 2603 292 2675 dicit,
315 2605 431 2662 sivein
453 2605 565 2665 leviore
582 2603 669 2680 pedis
686 2609 784 2681 parte.
819 2603 883 2663 Hoc
905 2605 1020 2682 liquido
1043 2610 1170 2683 apparet
1192 2607 1224 2664 in

94 2707 300 2782 anapaesticis3
322 2708 354 2764 in
376 2706 511 2766 iambicis
534 2713 565 2766 et
586 2706 754 2779 trochaicis,
778 2707 804 2764 si
826 2706 922 2765 levior
937 2707 1024 2784 pedis
1041 2727 1111 2785 pars
1133 2707 1224 2783 bisyl·

95 2803 162 2865 laba
185 2813 232 2867 est
255 2805 350 2882 (velut
375 2829 430 2880 ,ne
453 2826 507 2884 ego
529 2805 628 2882 hic“),
652 2828 712 2866 non
735 2814 877 2885 apparet,
901 2811 1043 2885 quoniam
1070 2810 1153 2869 nullo
1176 2831 1225 2868 ex-

94 2911 181 2970 terno
205 2913 291 2984 signo
312 2911 470 2984 indicatur,
493 2915 594 2971 utrum
615 2931 676 2970 una
698 2931 736 2970 an
758 2909 823 2968 duee
847 2910 969 2986 syllaba
995 2912 1226 2988 pronuntianda

96 3011 169 3084 sint3
199 3033 271 3072 nam
298 3012 475 3072 Latinorum
509 3014 633 3072 licentia
664 3018 726 3071 tam
756 3018 939 3088 anapestum
968 3032 1057 3088 quam
1085 3013 1224 3087 iambum,

95 3117 156 3172 tam
191 3115 345 3190 dactylum
379 3137 467 3194 quam
500 3115 663 3174 trochaeum
691 3115 721 3172 iu
749 3115 795 3172 his
822 3115 896 3174 locis
923 3115 990 3172 fert.
1035 3113 1094 3172 Sed
1124 3120 1227 3173 extant

98 3218 188 3276 etiam
211 3219 347 3294 exemplu
368 3217 425 3276 huc
447 3219 645 3294 pertinentia,
669 3217 720 3276 ubi
742 3216 838 3276 levior
866 3216 952 3292 pedis
979 3235 1050 3294 pars
1077 3217 1226 3292 monosyl·
1307 3261 1311 3269 .

96 3315 165 3378 laba
188 3320 238 3378 sit.
281 3319 388 3396 Neque
409 3320 464 3378 hoc
486 3320 662 3380 Fleckeisen
688 3338 749 3378 non
777 3317 1004 3391 animadvertit,
1029 3320 1081 3395 qui
1105 3315 1225 3392 (Annal.

98 3417 161 3493 LX,
180 3442 210 3498 p.
229 3423 271 3480 49
291 3419 371 3497 sqq.)
394 3423 509 3482 hiatum
530 3428 601 3500 post
623 3421 828 3498 monosyllaba
850 3423 970 3480 omnino
996 3426 1084 3494 „ante
1107 3418 1227 3478 brevem

98 3521 250 3584 vocalem“
276 3523 426 3598 concedit,
450 3526 470 3584 i.
494 3545 519 3584 e.
542 3545 603 3585 uon
625 3525 735 3596 solum,
764 3527 799 3582 ut
826 3523 870 3581 ait
891 3523 1059 3594 Bentlsius,
1091 3523 1141 3594 „in
1168 3523 1229 3580 arsi

100 3623 231 3699 soluta“,
265 3626 318 3686 sed
351 3628 441 3686 etiam
478 3629 527 3699 ,in
558 3628 637 3687 thesi
670 3631 738 3687 aute
772 3626 852 3684 arsin
885 3622 1044 3696 solutam“,
1077 3627 1113 3682 ut
1142 3643 1228 3694 ,cum

101 3725 187 3788 suot
233 3728 345 3788 Verum
373 3749 412 3788 ue
439 3729 497 3788 hoc
523 3729 645 3806 quidem
666 3730 739 3788 satis
761 3731 933 3786 accuratum
956 3732 1016 3798 est,
1038 3730 1075 3783 ut
1096 3723 1228 3784 ostendit

101 3827 228 3908 Spengel
249 3851 280 3907 p.
305 3832 382 3904 2103
404 3851 474 3890 nam
495 3832 647 3890 iuvenitur
668 3830 768 3889 hiatus
791 3828 937 3887 eiusmodi
960 3830 1051 3887 etiam
1073 3833 1142 3886 anta
1163 3827 1228 3886 lon·

102 3947 166 4004 gum
189 3933 334 4010 syllabam
356 3953 416 3992 non
439 3934 537 3992 soluta
557 3934 695 4011 graviore
712 3931 841 4008 proximi
858 3929 943 4007 pedis
960 3935 1056 4008 parts,
1073 3937 1108 3989 ut
1118 3929 1227 4006 Amph.

104 4035 177 4094 507:
201 4041 232 4094 ta
248 4035 506 4112 Amphitruonem.
542 4037 619 4094 548:
643 4054 732 4112 quam
755 4033 793 4092 ob
816 4052 887 4090 rem.
924 4033 999 4091 397:
1024 4053 1089 4092 cum
1106 4032 1229 4108 Amphi·

103 4140 217 4197 truone.
253 4139 331 4196 494:
355 4138 606 4197 cumAlcumena.
642 4139 718 4196 967:
742 4135 774 4193 hi
796 4134 893 4194 ambo.
928 4136 1006 4194 978:
1029 4136 1081 4210 qui
1099 4133 1228 4194 obuiam.

105 4238 362 4300 coemebant
392 4242 469 4300 805:
493 4245 524 4298 te
546 4239 645 4298 audio.
679 4237 763 4296 Asin.
784 4239 860 4298 500:
884 4243 914 4295 ts
937 4236 1113 4296 interdictis.
1152 4237 1228 4294 574:

105 4359 148 4400 me
170 4361 245 4401 esse.
281 4343 357 4402 626:
380 4362 427 4402 me
450 4341 498 4400 ad.
534 4342 610 4400 691:
632 4345 695 4400 tam
716 4339 882 4416 indignum.
901 4367 945 4380 -·-
963 4337 1061 4411 Quare
1082 4339 1139 4400 hoe
1161 4340 1230 4396 sim·

105 4445 222 4518 pliciter
244 4444 394 4505 affirmare
415 4445 502 4516 licet,
525 4447 598 4519 post
617 4441 822 4518 monosyllaba
843 4441 957 4501 hiatum
979 4440 1091 4500 Plauto
1113 4459 1229 4499 conoes-
