2960 5038
269 491 333 552 244
744 484 922 555 Amphitruo.

269 685 340 740 runt
373 677 536 756 significari
570 685 601 738 et
633 679 753 757 quidem
787 681 941 756 superiore
974 698 1051 736 enno
1086 678 1211 750 lactam3
1246 681 1288 737 sic
1318 679 1387 735 enim

269 797 353 844 anno
381 789 537 856 enarrant,
572 783 658 859 quasi
691 785 731 840 sit
766 787 835 841 ante
868 801 986 841 annum.
1032 781 1090 840 Sed
1117 781 1175 840 hoc
1203 780 1309 840 Latine
1336 780 1387 838 dici

268 906 357 963 posse
379 905 433 945 nec
456 891 597 963 corrupto
613 885 864 944 Menaechmorum
887 904 975 944 versu
1000 885 1062 943 202
1087 880 1213 957 (Ritsoh.
1232 879 1306 957 205)
1328 901 1388 961 pro-
1438 921 1439 926 κ

267 990 365 1062 batur,
389 1009 442 1046 nec
464 988 551 1048 Truc.
576 991 647 1062 392,
671 989 723 1048 ubi
745 1009 812 1048 cum
835 986 921 1046 codd.
945 985 1148 1046 scribendum:
1177 1006 1316 1060 „uxorem
1339 985 1389 1042 ribi

268 1111 315 1150 me
337 1091 468 1150 habebat
490 1111 613 1165 annum,
638 1091 708 1150 dum
730 1091 779 1150 hic
801 1087 888 1149 lnit“.
934 1089 1082 1166 Equidem
1104 1109 1164 1149 non
1187 1089 1302 1163 dubito,
1324 1091 1389 1164 quin

268 1194 316 1252 hic
339 1213 457 1271 quoque
480 1195 562 1253 aliud
590 1197 734 1273 scriptum
761 1193 866 1267 fuerit,
890 1193 973 1252 velut
1001 1193 1074 1254 ante
1101 1193 1149 1252 vel
1177 1187 1321 1266 antelmo,
1342 1211 1390 1249 nec
1438 1181 1440 1224 ἶ

269 1303 380 1356 certam
409 1297 539 1373 aliquam
567 1313 631 1354 rem
659 1299 883 1356 commemorari
911 1296 1016 1368 credo,
1045 1295 1099 1354 aad
1121 1295 1238 1369 Iovem,
1262 1297 1389 1372 quotiens

269 1400 307 1460 ab
329 1399 525 1459 histrionibus
548 1401 710 1458 advocatus
732 1401 780 1474 sit,
804 1401 840 1459 iis
862 1399 1002 1458 adfuisse.
1019 1428 1063 1438 -
1078 1394 1110 1457 is
1131 1397 1192 1456 vid.
1210 1418 1242 1475 p.
1262 1399 1332 1456 212.
1353 1427 1390 1437 —
1440 1425 1441 1438 κ

269 1502 366 1561 Versu
389 1503 427 1560 93
457 1501 533 1562 nihil
561 1505 692 1578 ineptius
721 1507 781 1574 est,
810 1503 926 1562 omissis
956 1508 1054 1560 autem
1076 1501 1123 1560 hie
1145 1500 1242 1560 tribus
1264 1499 1389 1560 versibus

269 1607 369 1664 omnia
398 1607 471 1664 satis
500 1610 570 1682 apta
597 1609 674 1664 sunt.
705 1635 741 1646 -
764 1607 813 1664 95.
836 1604 942 1664 Versui
966 1603 1081 1680 syllaba
1108 1602 1207 1677 deeet3
1236 1603 1389 1662 Lambinus

269 1709 381 1786 aliique
404 1705 492 1782 ,uos“
515 1706 677 1780 addebant,
695 1707 806 1766 Muller
824 1711 876 1766 aut
898 1703 993 1780 „iam“
1019 1711 1071 1766 eut
1096 1703 1189 1779 ,huc“
1214 1707 1336 1766 mavult.
1353 1735 1390 1743 -
1441 1695 1442 1708 ³

270 1813 319 1870 96.
343 1811 416 1870 Post
440 1811 659 1888 aryumeatum
686 1809 786 1868 hiatus
814 1811 989 1868 incasura.
1033 1807 1095 1868 Fl:
1124 1807 1220 1883 „Dum
1244 1827 1389 1887 argumen-

268 1921 331 1973 tum
354 1911 472 1973 huius“.
517 1913 641 1971 Mulier:
669 1911 764 1984 „Dum
787 1907 908 1971 huiusce
932 1909 1014 1989 arg.“

360 2018 410 2075 98.
433 2012 522 2093 Aryo
543 2034 600 2092 pro
623 2015 736 2090 Argivo
758 2017 888 2092 positum
911 2033 975 2074 esse
997 2013 1112 2072 Nonius
1132 2034 1163 2091 p.
1186 2014 1249 2074 487
1273 2015 1391 2073 arbitra·

268 2125 333 2192 tur,
363 2119 453 2196 idque
481 2137 540 2178 non
568 2117 644 2177 nulli
672 2120 715 2176 ita
743 2116 903 2176 defendere
932 2119 1031 2175 conati
1060 2121 1143 2189 sunt,
1177 2121 1213 2174 ut
1242 2137 1279 2174 ex
1300 2117 1392 2192 Argoo

269 2225 456 2280 contractum
479 2227 642 2279 censerent.
687 2217 745 2278 Sed
773 2219 837 2278 fieri
866 2223 916 2280 vix
940 2224 1055 2297 potest,
1079 2220 1151 2296 quin
1172 2221 1271 2297 patris
1294 2237 1392 2276 nornen
1443 2186 1444 2262 l

268 2323 373 2396 fuerit3
397 2325 448 2402 qui
472 2343 563 2400 quum
585 2322 657 2382 alibi
680 2341 826 2398 nusquam
848 2322 946 2400 Argus
968 2327 1107 2396 vocetur,
1131 2326 1184 2380 aut
1205 2327 1296 2398 poeta
1315 2320 1391 2379 Lati·

268 2445 323 2484 nus
345 2444 452 2502 parum
476 2427 705 2503 accurataegit,
730 2431 783 2483 aut
805 2427 917 2484 erravit
939 2425 1096 2497 librarius;
1119 2444 1188 2483 nam
1205 2423 1271 2482 fieri
1288 2427 1391 2502 potest,
1444 2492 1445 2506 χ

267 2534 302 2587 ut
323 2523 420 2588 Alceo
447 2530 592 2606 scriptum
620 2530 713 2588 fuerit
740 2548 797 2606 pro
819 2528 935 2600 Aleae,
965 2528 1024 2586 vid.
1046 2548 1077 2605 p.
1102 2529 1180 2600 209,
1208 2526 1300 2604 idque
1327 2543 1390 2584 con·

268 2608 414 2690 tractant
446 2630 624 2707 trisyllabum
652 2631 761 2690 roam
790 2633 844 2704 sc,
873 2631 933 2690 vie.
955 2649 985 2707 p.
1011 2633 1081 2690 216.
1111 2661 1154 2672 -
1182 2632 1233 2689 ee.
1257 2623 1391 2700 Elaeae

269 2733 357 2791 immo
380 2731 583 2808 Electryonis,
607 2736 632 2792 si
655 2732 751 2793 Graeci
778 2733 922 2810 sequendi
945 2739 1022 2792 sunt.
1070 2732 1128 2792 Sed
1150 2731 1256 2791 Graeca
1279 2733 1390 2790 nomina

268 2855 327 2894 non
356 2855 423 2894 raro
453 2836 533 2913 apud
560 2839 675 2915 priscos
698 2836 824 2896 Latinos
852 2839 1063 2909 immutantur,
1091 2835 1136 2894 ita
1158 2835 1301 2908 maxime,
1324 2839 1390 2891 uta

267 2940 359 2996 tertia
381 2937 418 2996 ad
440 2941 567 3015 primam
584 2946 636 2998 aut
652 2939 812 2998 secundam
831 2939 1061 2998 declinationem
1078 2942 1241 2996 transeant.
1272 2937 1322 2997 Sic
1338 2936 1389 2994 La·

268 3046 370 3100 bonam
394 3041 546 3116 dicebant;
568 3043 735 3102 Artemone
751 3041 896 3100 Asinaria
912 3059 1040 3118 persona
1057 3045 1111 3113 est,
1129 3039 1291 3099 AEschinus
1308 3040 1388 3100 Adel-

267 3143 396 3220 phorum
407 3144 539 3203 Terentii
564 3142 613 3218 (cf.
633 3143 728 3203 Plaut.
746 3143 853 3202 Pseud.
867 3139 958 3216 762);
985 3139 1142 3215 „Chremi“
1167 3143 1307 3217 genetivo
1329 3161 1389 3201 casu

268 3245 379 3306 dicitur
401 3247 468 3307 Ter.
487 3247 582 3306 Andr.
602 3249 673 3305 368.
711 3243 886 3324 „Harpage“
911 3248 1057 3318 vocativo,
1081 3265 1171 3322 quum
1193 3247 1389 3304 nominativus

269 3351 308 3408 sit
324 3349 457 3426 Harpax,
481 3349 579 3408 Plaut.
593 3348 699 3408 Pseud.
714 3350 785 3407 669.
813 3345 990 3422 „Tranium“
1015 3348 1107 3408 Most.
1122 3349 1191 3421 550,
1216 3349 1268 3424 qui
1287 3347 1389 3407 Tranio

269 3451 416 3529 appellari
439 3454 524 3512 solet.
559 3451 644 3529 Gapt.
665 3453 740 3512 556:
768 3447 953 3524 ,Alcmeus“.
987 3449 1068 3510 Men.
1090 3450 1165 3508 143:
1193 3448 1387 3522 ,Adoneum“.

268 3554 351 3614 Pers.
377 3556 433 3614 26:
462 3551 608 3630 „Titani“.
655 3554 774 3612 Navius
796 3553 979 3630 Porporeum
1002 3553 1168 3631 appellavit
1190 3551 1388 3631 Porphyriona

268 3658 427 3734 gigantem.
473 3657 596 3733 Vulgati
618 3677 690 3716 usus
713 3661 782 3715 sunt
802 3657 950 3733 placenta,
974 3661 1096 3728 statera,
1121 3654 1312 3729 architectus,
1334 3661 1386 3730 try·

268 3779 377 3837 gonus3
412 3765 493 3819 cetus
527 3765 558 3817 et
590 3759 718 3838 polypus
752 3759 887 3818 secunda
920 3758 1131 3818 declinationis
1159 3757 1250 3830 fiunt;
1279 3757 1387 3818 schema

268 3861 373 3938 primae
396 3857 437 3934 (v.
461 3859 551 3935 117);
576 3861 694 3935 charta,
718 3863 896 3939 margarita,
921 3861 1041 3920 cochlea
1064 3880 1100 3918 ex
1122 3861 1294 3919 masculinis
1316 3861 1386 3919 lemi-

269 3966 340 4022 nina
361 3963 438 4022 fiunt
461 3965 593 4023 eiusdem
620 3963 836 4023 declinationis.
858 3993 902 4004 -
927 3965 996 4023 101.
1023 3957 1181 4023 Teleboist
1201 3965 1320 4039 scripsi3
1342 3963 1385 4021 Ga·

268 4067 413 4124 merarius
441 4068 594 4142 ceterique
616 4072 879 4144 transposuerant:
914 4066 1043 4139 „bellum
1065 4062 1142 4124 eet“.
1168 4095 1204 4104 -
1234 4066 1302 4125 103.
1325 4065 1385 4123 Post

268 4161 474 4227 Alcumenam
497 4168 613 4242 hiatus3
636 4169 704 4228 edd.
727 4170 862 4247 plerique
884 4175 1014 4246 transp.:
1042 4167 1131 4240 ,iecit
1152 4165 1305 4226 uxorem“.

357 4272 427 4330 104.
451 4265 538 4331 Num
560 4276 613 4330 aut
634 4270 792 4330 delendum
816 4277 862 4330 eet
883 4276 938 4329 aut
963 4290 1024 4330 non
1051 4289 1167 4344 eorum,
1191 4288 1257 4347 qua
1282 4277 1384 4328 anteoe

269 4373 359 4444 dunt,
389 4393 505 4431 causam
534 4373 661 4444 indicat,
692 4373 745 4431 sed
767 4392 884 4445 eorum,
909 4391 974 4448 quae
997 4379 1164 4450 sequuntur
1185 4391 1213 4430 v.
1240 4373 1315 4432 10⁷:
1347 4371 1383 4444 ,Is

270 4493 368 4530 amare
392 4475 481 4548 coepit
503 4469 590 4530 cett.“
629 4473 715 4542 Quod
738 4476 816 4530 enim
839 4472 934 4531 Graeci
956 4476 999 4532 ita
1019 4475 1165 4546 fecerunt,
1188 4478 1223 4532 ut
1245 4477 1384 4551 praemisso
