2956 5018
768 527 862 584 Plauti
1214 527 1252 597 11,
1262 529 1288 597 a,
1296 529 1395 584 c-ru

725 717 903 785 Libanus

865 826 910 891 At
931 823 1105 892 censebam
1127 825 1277 909 attigisse

248 934 431 1019 Propterea
451 933 515 999 huc
538 934 617 1018 quia
638 933 785 1000 habebas
807 934 879 999 iter.
913 933 999 1000 Nolo
1018 955 1078 1017 ego
1096 932 1179 999 foris
1203 954 1394 1001 conseruas

248 1042 342 1108 Meas
364 1063 386 1108 a
407 1047 441 1108 te
462 1039 686 1124 uerberarier;
709 1063 788 1108 saue
811 1061 872 1124 ego
896 1063 968 1108 sum
990 1042 1116 1108 amicus
1137 1043 1272 1108 nostris.

713 1172 866 1238 Mercat
898 1193 917 1236 r

249 1279 308 1348 Pol
330 1280 420 1346 haud
441 1279 634 1365 periclumst
655 1279 806 1346 cardines
827 1194 1017 1347 neofuribus
1039 1277 1273 1364 attagenam,
1331 1286 1392 1342 385

251 1389 286 1455 Si
307 1389 391 1456 istoc
414 1387 563 1473 exemplo
587 1386 736 1454 omnibus
758 1389 815 1474 qui
837 1393 1000 1474 quaerunt
1022 1386 1247 1473 respondebis.

725 1516 904 1585 Libanus

250 1626 304 1693 Ita
324 1627 407 1692 haec
430 1631 591 1692 moratast
612 1625 726 1708 ianua3
751 1626 916 1710 extemplo
937 1626 1112 1691 ianitorem

251 1733 391 1816 Clamat,
414 1731 530 1819 procul
552 1733 581 1798 si
603 1755 700 1818 quem
720 1733 813 1799 uidet
833 1734 882 1800 ire
905 1733 948 1799 ad
970 1755 1005 1800 se
1028 1733 1250 1801 calcitronem.

251 1840 315 1907 Sed
338 1840 416 1928 quid
438 1840 554 1907 uenis?
577 1840 663 1920 Quid
685 1841 876 1926 quaeritas?

714 1969 919 2037 Mercator

886 2077 1124 2146 Demaenetum
1145 2076 1308 2145 uolebam.

727 2207 906 2276 Libanus

252 2315 288 2381 si
310 2317 353 2380 sit
375 2314 472 2395 domi,
495 2314 603 2380 dicam
623 2314 694 2381 tibi.

714 2439 920 2507 Mercator

709 2547 816 2626 Quid?
839 2549 908 2615 cius
930 2549 1104 2614 atriensis?
1330 2547 1388 2602 89⁰

727 2677 904 2745 Libanus

251 2784 361 2850 Nihilo
384 2805 477 2870 mage
499 2787 587 2852 intus
610 2794 668 2851 est.

440 2899 443 2904 '
714 2894 919 2960 Mercator

683 3001 803 3067 Ubist?

726 3107 904 3174 Libanus

815 3216 867 3281 Ad
889 3221 1056 3282 tonsorem
1076 3216 1126 3281 ire
1149 3215 1240 3281 dixit.

715 3324 920 3390 Mercator

253 3429 408 3496 Conueni.
443 3428 509 3495 Sed
530 3438 607 3515 post
626 3455 693 3498 non
713 3432 835 3499 rediit?

728 3540 904 3606 Libanus

848 3647 924 3717 Non
946 3647 1074 3732 edepol.
1114 3645 1200 3727 Quid
1221 3645 1382 3713 uolebas?

715 3756 918 3821 Mercator

251 3864 389 3946 Argenti
410 3863 528 3947 uiginti
550 3863 663 3944 minas,
686 3863 713 3928 si
736 3863 877 3943 adesset,
901 3863 1091 3946 accepisset.

728 3971 906 4037 Libanus

253 4054 317 4132 Qui
339 4077 398 4140 pro
421 4057 528 4122 istuc?

321 4309 374 4362 384
391 4325 467 4363 meas
483 4311 624 4378 auperton'
638 4311 732 4366 uereui
747 4309 868 4365 udlroeret
918 4310 1024 4364 nostris
1046 4308 1153 4365 edibus
1222 4311 1274 4366 385
1292 4311 1379 4366 eban-
1461 4355 1462 4395 ἦ

253 4399 355 4462 gantur
373 4411 405 4449 m.
419 4411 466 4464 pr.
538 4396 589 4450 392
607 4393 676 4449 Cum
692 4394 818 4450 uenisset
