2956 5018
656 1581 808 1662 L.

440 1755 484 1830 De
512 1754 610 1831 Plauti
639 1762 743 1852 poste
772 1755 903 1852 nornine.

174 2015 315 2078 Plautus
346 2021 450 2094 poeta,
484 2033 575 2094 quem
606 2015 664 2076 boo
695 2035 755 2076 uuo
788 2016 908 2076 nomine
939 2019 970 2073 et
997 2035 1053 2075 nos
1082 2015 1237 2094 appellare

88 2115 226 2208 solemps
262 2123 297 2177 et
329 2119 446 2195 antiqui
478 2118 656 2196 plerumque
688 2117 896 2197 appellabant,
927 2135 993 2196 qua
1024 2118 1083 2177 alia
1115 2119 1237 2177 nomina

90 2216 251 2296 babuerit,
277 2219 330 2280 din
351 2219 522 2280 dubitatum
544 2223 599 2294 est,
623 2239 678 2279 neo
699 2221 763 2279 sine
786 2239 884 2280 eausa.
931 2219 1008 2280 Nam
1029 2221 1062 2278 in
1084 2218 1237 2278 eodioibus

90 2317 249 2382 Plautinis
277 2321 354 2382 nihil
380 2321 464 2382 aliud
489 2323 699 2401 prasoriptum
726 2325 772 2381 est
799 2341 889 2401 quam
915 2321 1032 2395 ,Plauti
1054 2318 1236 2394 oomoedia“,

93 2423 288 2504 eandemque
316 2425 543 2503 simplieitatem
578 2424 793 2503 antiquissima
827 2423 977 2484 editiones
1009 2429 1118 2484 seoutae
1152 2427 1236 2496 suut,

94 2523 149 2590 ted
172 2547 274 2605 quum
294 2528 353 2586 viri
374 2527 455 2586 (loeti
478 2546 515 2586 ex
535 2526 635 2586 Plinio
657 2531 689 2586 et
709 2527 802 2586 Festo
828 2527 978 2602 integrum
1004 2529 1103 2604 poetas
1129 2545 1238 2584 nomen

95 2624 154 2685 sibi
178 2631 299 2689 emisse
320 2630 377 2688 risi
398 2632 510 2704 essent,
533 2631 664 2710 primum
686 2628 733 2688 ed.
751 2628 892 2689 Saraceni
915 2625 1062 2702 (Venetiis
1088 2625 1183 2703 1499)
1208 2631 1240 2686 et

95 2725 144 2787 Pii
174 2728 359 2804 (Mediolani
389 2729 502 2807 1500),
536 2731 645 2791 deinde
678 2735 784 2790 astera
812 2731 855 2790 M.
884 2731 1033 2790 Aooium
1060 2730 1238 2790 Plautum

98 2834 305 2911 usurpabant3
327 2832 419 2912 idque
440 2853 496 2912 per
517 2835 579 2894 tria
600 2833 709 2894 saeoula
730 2837 762 2892 et
783 2832 942 2892 dimidium
965 2852 1067 2892 omnes
1089 2833 1237 2892 editiones

99 2931 251 3011 obtinuit,
278 2935 349 2995 dum
371 2936 554 2996 Ritsobelius
581 2937 614 2994 in
640 2935 838 3014 palimpsesto
859 2935 1061 2994 Ambrosiano
1083 2934 1117 2993 T.
1141 2935 1237 2994 Mao-

101 3037 200 3098 oium
222 3038 399 3098 Plautum
421 3039 482 3113 legi
505 3037 625 3111 doouit,
647 3036 740 3115 idque
763 3038 908 3116 quumin
929 3036 1068 3112 Parergis
1090 3036 1238 3095 Plautinis

100 3133 355 3217 'lorentianisque
378 3136 491 3214 (1845)
513 3159 618 3200 verum
633 3158 741 3198 nomen
757 3158 823 3198 esse
840 3138 964 3218 probari
981 3137 1154 3210 studuisset,
1178 3155 1239 3196 sue

103 3239 231 3302 editioni
253 3243 428 3320 preposuit.
471 3241 572 3302 Seouti
594 3246 665 3301 sunt
685 3242 869 3302 recentiores
890 3241 954 3300 sere
977 3259 1090 3300 omnes.
1123 3238 1238 3298 Adver-

103 3347 189 3404 satus
217 3349 264 3404 eet
290 3341 462 3423 Geppertus
490 3345 523 3403 in
549 3343 652 3404 Jabnii
674 3342 815 3402 Annalib.
843 3342 948 3422 philol.
979 3345 1010 3401 et
1034 3340 1151 3420 pedog.
1178 3341 1239 3400 vol.

104 3448 305 3526 supplement.
327 3445 402 3504 m
424 3442 536 3520 (1853)
559 3465 590 3524 p.
615 3447 676 3505 262
699 3465 765 3523 sqq.
788 3449 820 3504 et
842 3445 1013 3504 Vellaurius
1035 3443 1237 3516 Taurinensis,

106 3565 258 3626 quumque
278 3567 397 3606 oausam
409 3547 567 3607 Ritsobelii
589 3553 710 3607 strenue
732 3547 842 3626 egisset
851 3547 1002 3607 Martinus
1013 3545 1155 3604 Hortalus
1176 3545 1239 3622 pri·

106 3667 186 3710 mum
214 3652 248 3708 in
274 3647 392 3722 libello,
416 3650 468 3727 qni
495 3649 672 3709 inscribitur
703 3649 756 3724 ,T.
779 3649 912 3709 Maecius
938 3649 1066 3708 Plautus
1094 3647 1168 3706 oder
1195 3648 1238 3707 M.

107 3751 214 3814 Aonius
243 3748 398 3824 Plautum,
435 3750 542 3811 deinde
576 3753 609 3810 in
638 3751 742 3810 Indioe
770 3752 931 3811 lectionum
958 3749 1240 3810 Vratislariensium

108 3849 177 3914 anni
203 3853 380 3926 leot-oe,
403 3851 573 3932 Gepportus
599 3852 696 3914 denuo
720 3859 898 3928 argumenta
919 3873 973 3912 sua
994 3851 1129 3910 breviter
1150 3871 1240 3932 expo·

110 3959 169 4016 suit
190 3959 223 4015 in
249 3955 471 4029 ,Plautinisohe
492 3953 635 4015 Studien“
660 3956 684 4030 I,
707 3977 737 4034 p.
764 3957 800 4015 ll
826 3975 891 4034 sqq.
917 3950 1039 4030 (1870).
1077 3951 1240 4015 Videamus

109 4057 210 4133 igitur,
234 4056 344 4134 quibus
365 4062 494 4136 utraque
517 4059 668 4117 sententia
689 4061 805 4119 nitatur
826 4058 1017 4136 argumentis.

129 4161 133 4169 '
192 4160 229 4218 ln
252 4161 383 4236 epitome
404 4159 502 4236 Festi,
525 4181 557 4240 p.
581 4162 643 4221 239
665 4161 724 4235 M„
746 4161 810 4221 baso
830 4161 985 4239 leguntur:
1016 4159 1115 4234 ,Ploti
1138 4161 1239 4238 appel·

111 4261 223 4335 lentur,
253 4263 305 4340 qni
332 4265 403 4320 sunt
429 4262 528 4340 planis
556 4263 698 4342 pedibus,
727 4264 808 4324 unde
836 4268 867 4322 et
895 4267 988 4341 poeta
1016 4262 1138 4334 Aonius,
1169 4264 1241 4340 quia

112 4363 221 4425 Umber
248 4363 384 4428 eminus
413 4369 492 4438 erat,
527 4386 545 4424 a
577 4365 687 4443 pedum
716 4365 842 4444 planitie
870 4366 957 4424 initio
984 4364 1105 4436 Plotus,
1134 4371 1241 4443 postea
