2960 5038
587 478 620 534 v.
641 479 783 535 reo-195.
1188 487 1250 550 255

86 672 189 730 sario
219 673 281 732 hoc
302 672 369 732 fieri
390 694 445 733 neo
466 675 629 735 Ritschelio
652 695 705 734 nec
722 675 852 734 Millero
874 694 903 751 p.
924 676 984 734 287
1009 679 1041 734 01
1065 677 1126 734 264
1150 676 1249 736 credo.

87 772 215 845 Quare
241 775 327 836 nolui
349 795 416 836 cum
439 775 484 836 Fl.
512 777 672 850 „Extincto
696 775 812 837 duello“
839 776 979 836 scribere.
1003 807 1040 818 -
1063 776 1133 837 187.
1161 774 1252 856 Quod

87 877 181 936 olim
211 878 414 939 emendatum.
452 875 549 957 poplo
571 901 675 940 versus
698 879 945 952 causaLindem.,
970 901 996 939 v.
1021 899 1111 958 supra
1133 901 1162 960 p.
1177 884 1249 942 210.

86 979 183 1040 Post
212 982 246 1042 h.
270 1003 298 1040 v.
321 982 422 1042 hiatus
450 985 481 1040 in
505 983 631 1042 dieresi.
655 1015 699 1026 -
723 984 792 1042 189.
816 979 879 1042 mei
901 979 966 1056 cn}
994 984 1037 1041 sic
1064 987 1252 1062 transposuit

86 1081 161 1157 Fl„
193 1106 238 1144 ne
260 1086 352 1144 etiam
370 1092 439 1144 ante
457 1086 593 1148 dieresin
610 1087 793 1146 intolerabili
810 1087 893 1146 hiatu
910 1085 1064 1146 laboraret
1081 1107 1195 1148 versus.
1208 1119 1251 1130 -

93 1189 185 1247 190.
225 1184 290 1264 Qui
316 1189 464 1267 principio
490 1209 595 1248 versus
623 1187 805 1248 addiderunt
835 1189 880 1248 ed.
904 1189 1003 1249 Parin.
1033 1190 1088 1263 aL,
1117 1211 1151 1250 ac
1179 1212 1250 1252 sane

89 1291 154 1348 vel
192 1311 301 1351 versus
330 1293 376 1349 vel
405 1297 559 1351 structura
587 1293 648 1351 tale
670 1311 733 1351 voc.
759 1292 905 1351 excidisse
928 1291 1076 1367 ostendit3
1099 1313 1201 1353 verum
1224 1295 1251 1354 si

92 1394 160 1452 illo
200 1396 267 1452 loco
296 1400 440 1471 ponetur,
474 1392 581 1472 „agro“
613 1396 744 1472 priorem
773 1396 891 1472 longam
921 1394 1059 1468 habebit,
1089 1417 1181 1474 quare
1203 1398 1252 1457 Fl.

98 1497 197 1569 „Qui
221 1497 325 1576 prada
347 1495 495 1574 agroque“
522 1498 632 1570 edidit;
657 1517 711 1575 ego
734 1497 788 1574 qut
809 1503 879 1575 post
904 1495 1012 1574 „agro“
1040 1498 1152 1558 addidi.
1187 1500 1251 1560 Hoc

95 1603 197 1658 enim
229 1603 330 1676 aptius
356 1599 516 1660 videbatur
543 1621 631 1678 quam
658 1597 689 1659 is
711 1607 764 1660 aut
785 1595 857 1674 Μὴ·
878 1621 932 1658 nec
955 1599 1080 1659 offendit
1102 1610 1250 1662 remotum

98 1725 120 1760 a
148 1704 309 1781 principio
339 1705 493 1762 sententia
520 1704 692 1776 relativum,
716 1723 743 1762 v.
768 1723 859 1780 supra
883 1704 952 1763 162.
977 1702 1040 1761 Μ11.
1066 1704 1142 1762 916:
1171 1725 1250 1778 „ma-

98 1808 268 1878 terimus,
289 1806 370 1882 quod
387 1826 461 1883 opus
480 1809 531 1884 qui
549 1804 630 1866 det“.
667 1808 764 1866 1295:
792 1807 942 1884 „pretiosa
965 1807 1064 1864 onmia
1086 1806 1143 1864 duc
1167 1807 1250 1866 adiu-

101 1915 200 1968 tores
229 1915 330 1966 tecum
358 1909 396 1966 ed
419 1929 525 1968 nauem
549 1910 600 1985 qui
621 1907 751 1968 ferant“.
795 1908 896 1967 Etiam
918 1909 984 1981 elii,
1006 1913 1042 1966 ut
1064 1907 1196 1968 Iuvenal.
1221 1911 1249 1982 2,
1294 1973 1298 1978 ,

105 2012 158 2071 40
182 2031 246 2087 sq.:
274 2011 371 2082 „unde
393 2012 456 2070 haeo
478 2014 563 2084 emis,
587 2013 703 2071 hirsuto
727 2013 843 2090 spirant
871 2011 1063 2087 opobalsama
1084 2011 1161 2069 collo
1184 2030 1250 2088 quta

105 2112 208 2174 tibi“.
225 2143 271 2153 -
287 2110 412 2187 adorea,
437 2115 509 2187 „far‚
530 2114 610 2191 quod
627 2115 768 2174 adoreum
787 2115 976 2193 appellavere
993 2111 1138 2186 veteres“‚
1157 2119 1193 2172 ut
1209 2115 1251 2172 ait

107 2217 236 2276 Plinius
259 2217 296 2274 Η.
316 2215 354 2275 N.
372 2216 481 2290 XVIII,
505 2213 522 2290 ᾗ
547 2219 596 2276 81.
642 2216 725 2276 Idem
747 2217 837 2294 paulo
860 2223 930 2275 ante
955 2211 984 2289 (ᾗ
1008 2213 1040 2290 9)
1068 2217 1167 2288 „dona
1191 2236 1250 2274 am·

109 2321 257 2397 piissima
281 2321 495 2396 imperatorum
518 2340 553 2378 ac
574 2319 698 2379 fortium
720 2315 845 2378 civium“
872 2320 963 2378 fuisse
987 2319 1061 2378 dicit
1087 2325 1251 2396 „quantum

113 2425 186 2502 quis
210 2442 272 2482 uno
296 2422 344 2481 die
365 2423 636 2495 circumuasisset,
660 2423 730 2481 item
755 2423 900 2498 quartarii
922 2422 1011 2482 ferris
1031 2427 1084 2480 aut
1105 2422 1250 2493 heminae,

114 2526 294 2584 conferente
316 2522 459 2601 populo“.
500 2524 585 2584 Unde
612 2525 755 2600 „gloriam
777 2525 872 2602 ipsam
895 2546 912 2584 a
934 2526 1024 2584 farris
1046 2524 1158 2584 honore
1181 2526 1250 2585 ado-

114 2649 203 2686 ream
216 2625 430 2705 appellabent“
447 2623 476 2701 (ἕ
491 2623 553 2700 14).
580 2626 622 2686 ef.
635 2626 741 2686 Horat.
754 2626 809 2686 Od.
821 2626 872 2700 IV,
886 2628 914 2700 4,
928 2628 978 2688 41.
991 2657 1034 2668 --
1049 2629 1118 2687 191.
1137 2621 1251 2689 Oreorti

114 2749 176 2806 pro
195 2729 326 2802 Creonti,
343 2730 438 2788 formo
454 2730 550 2804 magis
568 2728 607 2787 ad
623 2729 800 2788 Latinorum
818 2749 904 2788 eures
923 2731 1156 2791 accommodata.
1191 2732 1251 2792 No·

117 2835 285 2892 minativus
307 2831 383 2890 Creo
411 2837 457 2890 est
482 2852 510 2891 v.
542 2833 612 2891 347.
636 2863 679 2872 -
704 2835 773 2892 192.
797 2833 834 2892 ut
860 2833 984 2892 alteram
1012 2834 1164 2913 dipodiam
1191 2841 1250 2893 ter·

116 2937 226 3007 minat,
249 2955 278 2995 v.
296 2934 413 3011 Proleg.
432 2955 462 3012 p.
484 2936 553 2993 185.
587 2935 675 2994 Both.
698 2940 811 3012 transp.
839 2935 930 3008 „haec
952 2935 1017 2994 ut“.
1035 2967 1079 2976 —
1088 2934 1253 3013 praemt'st'l

118 3040 157 3098 ut
177 3034 340 3110 nuntiem
361 3058 399 3097 ne
420 3040 488 3114 quis
510 3033 711 3110 „nuntiarem“
738 3041 887 3115 requirat,
912 3039 948 3096 cf.
972 3040 1045 3096 484.
1070 3041 1141 3098 863.
1164 3039 1249 3098 Asin.

120 3142 194 3200 426.
227 3139 313 3218 Gapt.
338 3142 415 3200 997:
443 3160 570 3218 „upupa
595 3141 647 3217 qui
669 3160 716 3198 me
739 3139 892 3214 delectem,
917 3137 1045 3199 datast“.
1082 3140 1147 3201 Mil.
1175 3143 1250 3199 131:

125 3242 221 3315 „Dedi
248 3244 407 3302 mercatori
434 3242 589 3319 quoidam,
618 3244 670 3320 qui
699 3242 738 3301 ad
763 3243 848 3302 illum
877 3239 1021 3302 deferat“.
1067 3241 1147 3300 Poen.
1172 3244 1250 3302 606:

125 3347 231 3423 „quasi
252 3351 287 3404 tu
385 3347 518 3404 orauaris
542 3369 601 3418 ...‚
626 3351 660 3404 ut
681 3351 968 3406 conmonstraremus
991 3345 1046 3404 tibi
1069 3345 1166 3404 locum
1191 3389 1250 3420 ...,

120 3449 173 3508 nbi
196 3469 277 3509 ames
298 3453 400 3526 potos,
424 3445 648 3526 pergraecerc“.
693 3447 801 3508 Pseud.
826 3451 886 3509 800
911 3469 971 3526 sq.:
1005 3447 1101 3520 „Quin
1125 3449 1250 3507 obeam

122 3573 185 3612 rem
198 3552 293 3612 Orcus
315 3553 449 3628 recipere
472 3551 509 3611 ad
532 3572 563 3610 se
586 3551 664 3610 hunc
685 3551 790 3625 noluit,
814 3551 855 3612 Ut
878 3556 958 3610 esset
980 3549 1027 3607 hic
1050 3551 1101 3625 qui
1124 3553 1251 3611 mortuis

122 3675 224 3714 cenam
246 3652 385 3732 coquat“.

210 3760 282 3817 195.
304 3751 426 3830 solens,
448 3762 483 3817 ut
505 3757 615 3830 soleo,·
631 3757 666 3815 cf.
691 3757 790 3816 Oasin.
815 3757 893 3814 809:
931 3755 1068 3828 „Lubens
1095 3755 1193 3814 fecero
1222 3759 1252 3814 et

123 3858 251 3920 solens“.
274 3889 318 3900 —
343 3862 412 3919 196.
437 3859 509 3918 Ροε1
530 3875 675 3919 macrone
703 3859 804 3918 hiatus
832 3861 865 3917 in
894 3859 1019 3917 diaeresi.
1065 3874 1120 3935 eqo
1146 3859 1252 3916 ultima

123 3964 211 4040 longa
233 3962 496 4040 pronuntiandum,
520 3982 547 4021 v.
567 3961 646 4020 Prol.
670 3983 700 4039 p.
727 3963 796 4020 195.
832 3961 918 4034 Quod
941 3967 1010 4039 post
1032 3962 1060 4020 h.
1085 3981 1112 4020 v.
1135 3961 1167 4020 in
1190 3961 1251 4020 edi·

122 4069 205 4126 tione
233 4070 340 4124 nostra
369 4085 539 4142 expressum
568 4071 614 4123 est
642 4066 721 4138 turn,
749 4065 914 4123 tollendum
938 4069 997 4136 est,
1021 4085 1088 4122 nam
1110 4065 1142 4122 in
1165 4063 1249 4123 codd.

122 4189 182 4228 non
205 4173 303 4238 extat3
327 4166 443 4226 addidit
465 4167 611 4226 Fleckeis.
657 4167 743 4238 Quod
771 4170 802 4226 in
824 4167 971 4226 Prosodia
993 4167 1252 4225 commendaverat

123 4271 246 4330 Miiller:
275 4269 368 4340 „Nem
390 4291 480 4347 quam
503 4291 532 4347 p.
550 4291 599 4343 m,
624 4277 761 4347 egotam
784 4268 894 4344 f.m.“‚
924 4272 988 4347 ipse
1010 4275 1117 4347 postea
1139 4272 1251 4347 impro-

122 4373 217 4446 bavit,
240 4371 411 4449 Nachtrage
433 4394 462 4450 p.
488 4375 515 4431 7.
562 4372 605 4430 cf.
628 4373 707 4431 infra
729 4375 807 4446 423,
838 4373 888 4432 ubi
916 4374 997 4450 quod
1019 4372 1105 4432 Sosia
1133 4392 1164 4430 se
1186 4378 1251 4431 turn
