2956 5018
577 499 796 572 Prolegcmena·
1169 505 1246 570 ,133

107 697 218 769 prester
244 693 332 753 hanc
360 695 525 769 legitimam
550 713 692 754 cessuram
717 693 808 752 etism
830 693 862 750 in
884 693 1014 752 secundo
1036 699 1067 752 et
1087 695 1120 753 in
1142 695 1247 772 quinte

106 793 183 870 pede
205 814 291 874 saepe
315 797 424 856 similis
446 795 604 855 verborum
631 796 738 856 divisio
765 789 813 868 lit,
837 815 976 873 eamque,
999 815 1065 874 que
1087 798 1119 856 in
1142 798 1247 875 quinto

104 901 152 954 est
180 893 391 970 (recentiores
420 899 562 958 dixerunt
593 903 681 977 „post
708 897 834 958 alteram
863 897 1016 976 dipodiam
1043 897 1244 958 trocheicem“

104 1002 159 1056 eut
184 1003 279 1071 „ante
298 1001 442 1060 ultimum
458 997 644 1074 creticum“),
663 1001 861 1078 aliquetenus,
878 999 960 1076 apud
971 999 1095 1060 Latinos
1117 1001 1247 1078 quidem,

103 1119 227 1160 cesurae
258 1105 329 1162 vim
356 1104 497 1163 habuisse
525 1102 700 1162 videbimus.
745 1101 862 1160 Latini·
877 1103 955 1160 enim
984 1121 1115 1177 cesurae,
1144 1105 1248 1181 ntique

104 1200 252 1276 legitimae
280 1201 551 1282 (penthemimeri),
575 1205 729 1282 aliquanto
750 1204 818 1281 plus
840 1203 1011 1263 tribuerunt
1032 1224 1122 1283 quam
1141 1204 1247 1266 Greci.

105 1303 169 1362 Hcc
191 1306 270 1365 inde
297 1313 437 1386 apparet,
461 1307 542 1386 qnod
563 1308 594 1365 in
616 1325 730 1366 caesura
752 1305 950 1382 antiquissimi
973 1307 1084 1383 quique
1106 1306 1249 1366 histum

105 1405 313 1470 admisenmt
347 1410 464 1468 Primus
483 1409 540 1468 hoc
557 1409 661 1468 docuit
672 1407 797 1484 Lingius
816 1406 1031 1483 (Quaestionum
1042 1407 1249 1469 Pleutinercm

103 1507 183 1566 liber
212 1514 338 1587 primus
366 1533 389 1570 1.
418 1512 456 1570 (10
477 1511 573 1570 histu.
602 1510 764 1570 Vrstislav.
791 1508 902 1585 1819);
931 1511 1039 1570 deinde
1060 1512 1097 1570 A.
1122 1511 1251 1590 Spengel

3 1639 5 1708 ᾗ
106 1607 223 1682 (Plaut.
262 1635 295 1692 p.
329 1616 388 1673 189
417 1610 497 1691 sqq.)
531 1613 600 1691 plus
632 1633 722 1690 quam
756 1613 886 1683 ducente
918 1611 1006 1672 huius
1037 1615 1081 1671 rei
1115 1614 1250 1691 exempla

3 1711 5 1776 Q
105 1714 226 1773 attulit.
266 1716 298 1776 G.
322 1717 357 1774 F.
380 1715 427 1774 W.
450 1715 562 1774 Miller
584 1715 706 1793 quidem
730 1711 944 1788 (Plautinische
967 1715 1110 1774 Prosodie
1132 1735 1162 1792 p.
1186 1717 1247 1775 481

3 1799 5 1848 ³
104 1812 190 1892 sqq.)
228 1817 343 1878 horum
375 1819 519 1897 pleraque
551 1818 650 1877 reiicit
682 1823 713 1877 et
742 1817 927 1876 emendanda
954 1821 1069 1890 censet,
1097 1818 1161 1876 iure
1189 1837 1250 1876 non

3 1987 5 2004 ᾖ
107 1917 210 1992 nullu,
249 1922 396 1999 pleraque
428 1921 593 1993 immerito,
628 1920 701 1997 quid
728 1921 805 1978 enim
833 1919 939 1992 refert,
970 1939 1059 1996 quam
1087 1919 1183 1977 facilis
1211 1920 1251 1978 111

3 2083 5 2096 .
109 2021 305 2096 emendatio,
335 2025 361 2082 si
388 2025 584 2082 necessariam
613 2041 676 2082 esse
703 2043 764 2082 non
792 2020 986 2082 conceditur?
1020 2021 1105 2080 Solos
1127 2023 1252 2098 triginta
1282 2083 1284 2090 ⁴

3 2107 5 2136 ¹
109 2129 266 2197 quattuor
298 2127 380 2186 locos
412 2145 443 2183 se
476 2126 633 2204 reliquisse
661 2125 822 2202 glorietnr3
856 2125 929 2183 mihi
962 2123 1081 2203 quidem
1114 2123 1162 2182 vel
1194 2125 1251 2182 iste

110 2243 262 2287 numerus
296 2227 335 2286 ad
367 2247 432 2288 rem
464 2227 649 2305 probandam
677 2226 813 2289 sufficere
841 2227 969 2286 videtur.
1014 2227 1124 2285 Hiatus
1151 2231 1252 2286 autem

111 2347 175 2387 non
199 2333 234 2390 in
258 2351 294 2389 00
316 2329 413 2390 solum
436 2349 561 2403 caesurs,
585 2350 652 2408 quae
674 2330 921 2407 penthemimeres
944 2329 1063 2401 dicitur,
1087 2328 1140 2388 sed
1163 2330 1252 2388 etiem

3 2499 5 2502 Ι
112 2431 145 2488 in
167 2432 425 2511 hephthemimeri
446 2433 615 2504 invenitnr3
645 2432 780 2508 exemplu
807 2433 970 2508 congessit,
999 2433 1051 2508 qui
1078 2451 1140 2490 rem
1163 2437 1254 2509 negat

114 2532 243 2594 Mulier.
266 2555 297 2614 p.
323 2536 399 2608 518,
421 2537 495 2593 item
517 2536 549 2593 in
571 2535 753 2594 secundariis
775 2533 851 2607 illis,
876 2553 949 2610 quas
971 2531 1108 2607 diximus,
1133 2513 1252 2592 caesuris

114 2638 246 2697 secundi
279 2642 311 2696 et
341 2639 440 2715 quinti
468 2637 570 2715 pedis;
599 2636 635 2695 de
663 2637 716 2695 ills
743 2636 803 2694 vid.
827 2636 945 2695 Miller.
974 2655 1003 2713 p.
1029 2637 1105 2709 511,
1134 2635 1171 2693 de
1198 2635 1254 2694 hcc

4 2741 6 2790 ἶ
115 2737 262 2819 Spengel.
285 2761 315 2819 p.
341 2741 417 2812 235,
441 2739 526 2798 Muli.
552 2741 623 2798 526.
668 2738 763 2798 Addit
784 2739 896 2798 Miiller
917 2760 946 2816 p.
973 2739 1048 2811 536,
1071 2737 1161 2796 etiem
1183 2743 1254 2816 post

119 2850 265 2919 quartum
297 2837 431 2902 iambum
462 2839 614 2902 interdum
644 2839 729 2900 linito
757 2841 901 2901 vocabulo
929 2837 1057 2914 hiari*);
1090 2841 1144 2899 sed
1172 2839 1255 2918 quod

4 2933 5 2936 ¹
120 2944 192 3006 inde
216 2945 318 3018 efficit,
342 2965 404 3004 non
426 2963 545 3004 coesurse
567 2947 662 3018 magis
683 2943 781 3022 gratia
796 2943 853 3003 hoc
871 2944 969 3016 licere,
993 2962 1082 3021 quem
1101 2943 1154 3002 ubi
1172 2941 1255 3000 nulle

3 3074 5 3155 p
122 3045 737 3124 0101110111,11001011111011001011.
783 3045 815 3105 si
836 3047 946 3120 integri
968 3050 1038 3104 sunt
1060 3046 1110 3103 isti
1133 3045 1200 3116 loci,
1222 3042 1256 3101 id

121 3155 225 3228 potius
248 3149 429 3229 probabunt,
452 3150 543 3208 talem
567 3168 685 3226 quoque
702 3167 806 3208 versus
823 3148 1009 3220 divisionem,
1028 3151 1097 3223 post
1115 3151 1255 3223 quartum

119 3253 239 3330 pedem,
263 3273 326 3313 non
348 3251 507 3312 admodum
528 3251 687 3311 offendisse
709 3252 857 3328 antiquos.

453 3424 698 3502 septenarius
720 3421 937 3482 trochaicus

122 3581 142 3621 a
163 3561 310 3622 Romanis
332 3559 502 3634 dicebatur,
527 3563 579 3638 qui
601 3559 710 3620 Grecis
733 3562 911 3618 tetrameter
931 3557 1101 3615 trochaicus
1120 3554 1256 3612 .cetelec-

123 3667 201 3724 ticus
236 3668 315 3736 eret,
346 3669 425 3722 teste
447 3663 588 3723 Cicerone
611 3662 729 3722 Tuscul.
752 3660 782 3734 I,
807 3662 863 3734 44,
890 3662 965 3734 107;
1000 3657 1178 3736 quadratum
1206 3657 1258 3716 clii

123 3765 330 3845 appellebant,
353 3765 677 3839 v.Gell.11,29,20.
712 3764 823 3823 Versus
846 3763 926 3842 apud
948 3761 1131 3838 antiquiores
1153 3764 1257 3836 poetes

123 3872 258 3930 scenicos
282 3870 372 3927 etiam
394 3869 511 3944 senario
534 3867 735 3945 frequentior,
765 3885 839 3943 qno,
866 3864 1035 3942 ubicumque
1064 3866 1116 3921 eut
1138 3863 1259 3936 gravior

124 3978 179 4033 sut
212 3972 393 4031 commotior
425 3989 521 4029 sermo
551 3970 669 4030 ficturus
698 3972 776 4040 0101,
805 3967 980 4040 utebantur,
1010 3964 1091 4044 apud
1116 3962 1258 4044 Plautum

127 4076 246 4154 quidem
283 4074 428 4148 singulari
461 4073 559 4149 gretie
591 4071 736 4148 praeditus
765 4075 796 4128 et
825 4069 978 4146 eliquanto
1008 4087 1096 4145 quem
1124 4067 1259 4125 seuerius

126 4178 243 4256 legibus
263 4173 444 4235 sdstrictior.
483 4173 624 4252 Dipodiis
645 4173 824 4232 describitur
846 4175 969 4248 etpost
991 4168 1150 4228 secundem
1174 4168 1259 4245 dipo-

152 4393 177 4466 *1
197 4395 237 4451 (11.
257 4393 344 4449 etiem
361 4389 457 4446 Luchs
474 4389 505 4446 in
522 4387 706 4444 Studemnud.
725 4387 805 4444 Stud
824 4386 846 4456 l,
863 4404 890 4466 p.
910 4385 950 4440 11.
