2976 5056
224 473 288 541 380
720 467 857 548 Qilffl*

109 687 114 694 ·
219 658 349 740 pendes,
371 657 547 740 propenens
569 661 733 724 substituit
768 661 924 722 Tumebus
945 659 1152 745 „dependes-0⁸⁴
1171 663 1269 740 inquit
1288 667 1367 736 „est

224 785 284 824 non
307 767 382 824 setis
400 764 532 844 pendere
550 783 604 822 nec
620 763 738 842 pondus
757 784 883 848 equare,
903 763 1089 843 propendere
1106 765 1175 849 plns
1190 762 1364 852 pendere“.

224 867 268 927 Ac
285 863 485 944 propendere
507 865 629 944 quidem
651 886 715 928 eum
737 868 851 928 lancem
873 865 942 938 dici,
967 885 1032 944 que
1054 865 1186 944 pondere
1208 866 1365 946 deprimu-

224 977 284 1045 tur,
308 970 381 1028 sctis
406 972 533 1040 constet,
557 988 585 1028 v.
609 967 668 1027 Cic.
686 967 774 1028 Tusc.
798 967 833 1042 V,
859 970 907 1044 17,
932 967 987 1028 51:
1015 973 1147 1042 „tentum
1169 967 1366 1048 propendere

225 1074 307 1131 illum
329 1072 445 1130 lancem
467 1073 564 1148 putet,
583 1075 618 1128 ut
637 1075 749 1129 terrum
769 1075 800 1128 et
816 1070 913 1132 muris
929 1067 1113 1148 deprimet“;
1136 1069 1364 1130 PleutBucch.

228 1175 303 1234 508:
333 1178 484 1246 „remonte
505 1171 647 1250 plumbeo
668 1167 884 1251 propensior“;
907 1170 959 1232 sed
981 1171 1051 1232 hnic
1073 1174 1273 1246 contrarium,
1296 1192 1366 1250 qno

226 1273 410 1354 significatur
431 1274 519 1346 lanx,
543 1293 608 1354 ques
636 1273 786 1348 elevetur,
817 1272 939 1334 aliunde
961 1293 1022 1334 non
1048 1277 1200 1347 novimus3
1224 1294 1260 1332 ex
1281 1275 1311 1332 h.
1340 1275 1363 1333 1.

226 1377 304 1436 effici
333 1376 453 1435 videtur
480 1381 515 1434 nt
543 1395 607 1434 eum
636 1376 821 1456 simpliciter,
841 1371 1027 1452 deponere,
1050 1377 1070 1435 i.
1093 1396 1118 1436 e.
1141 1376 1286 1454 pendere,
1308 1377 1366 1434 vel

226 1498 399 1558 suspensum
423 1498 486 1536 esse
510 1477 652 1537 dixerint.
675 1507 719 1516 -—
742 1478 812 1539 304.
837 1471 907 1538 Hoc
929 1478 1024 1554 codd,
1048 1477 1093 1536 Fl.
1116 1472 1219 1552 Istoc,
1242 1497 1302 1556 quo
1329 1484 1366 1538 et

226 1587 397 1642 removetur
418 1581 518 1639 hictus
542 1580 785 1654 molestissimus,
815 1585 845 1638 et
868 1581 969 1658 aptius
991 1600 1156 1659 pronomen
1177 1582 1364 1652 restituitur,

227 1684 432 1744 ceruleus:
460 1681 541 1754 „Une
565 1682 659 1760 capiti
680 1683 749 1740 tuo!
774 1682 807 1740 P.
833 1679 922 1758 [Tuo]
946 1681 1198 1756 istuc,·Secledre‚
1215 1685 1367 1760 promitto

227 1783 321 1846 fore“.
363 1783 485 1864 Spectet
508 1789 608 1842 nutem
631 1783 688 1842 hoc
710 1802 877 1861 pronomen
899 1784 938 1843 sd
962 1784 1140 1844 antecedens
1165 1781 1270 1860 „use“,
1293 1785 1313 1842 i.
1335 1805 1363 1842 e.

227 1888 439 1960 infortunium,
474 1887 623 1966 solitoque
656 1904 739 1944 more
769 1887 944 1965 imprecatio
972 1885 1108 1946 redditur
1135 1888 1293 1964 ingerenti.
1314 1917 1366 1927 -

230 1993 301 2050 305.
329 1985 509 2062 „venene
536 1991 580 2046 ait
601 1988 718 2048 Nonius
740 2009 770 2066 p.
795 1989 813 2049 3
841 1988 968 2062 „dicitur
990 1989 1065 2048 levis
1088 1991 1255 2062 contentio,
1279 1989 1366 2048 dicta

229 2113 265 2150 ex
293 2091 501 2168 congressione
530 2089 675 2150 militum“
709 2089 812 2166 (immo
844 2089 1017 2166 „velitum“,
1047 2091 1083 2150 ci.
1107 2091 1188 2150 Fest.
1216 2111 1247 2168 p.
1273 2087 1363 2164 369).

228 2192 362 2252 Affertur
384 2199 494 2268 praeter
516 2192 545 2252 h.
569 2194 589 2251 l.
613 2192 694 2252 Men.
719 2195 795 2252 767:
829 2193 955 2265 „Nescio
979 2193 1052 2272 quid
1072 2213 1128 2251 uos
1149 2193 1267 2252 ueliteti
1289 2195 1366 2252 estis

229 2299 308 2354 inter
341 2317 395 2355 uos
427 2293 516 2370 duo“,
551 2301 581 2354 et
609 2295 724 2374 Turpil.
753 2294 863 2354 Lindie
897 2291 938 2368 (v.
964 2298 1023 2354 145
1046 2291 1145 2366 Rib.):
1182 2295 1366 2374 „Compesce
1479 2339 1480 2384 5

229 2399 330 2458 uerbis
369 2399 511 2472 uelitsre,
554 2397 592 2458 cd
630 2417 693 2456 rem
732 2395 828 2458 redi“.
881 2391 991 2456 Verbis
1023 2393 1162 2458 velitatie
1195 2403 1256 2472 est,
1296 2417 1365 2476 quse
1479 2459 1480 2469 χ

230 2501 328 2560 verbis
353 2500 402 2574 fit,
431 2501 591 2559 verborum
620 2501 771 2574 volitatio,
795 2503 962 2578 λοχομαχία,
984 2506 1019 2559 ut
1041 2507 1121 2560 recte
1144 2499 1248 2560 Lemb.
1293 2501 1364 2562 Non

229 2605 332 2682 paucis
360 2605 473 2682 placuit
499 2603 624 2662 Meursii
654 2603 733 2661 ratio
767 2601 1058 2662 verbiuelitntionem
1092 2623 1150 2662 une
1182 2623 1256 2662 voce
1289 2607 1363 2664 scri-

229 2707 342 2780 bentis5
372 2707 424 2765 sed
451 2706 640 2764 substantive
666 2705 802 2765 verbalia
829 2705 911 2782 spud
932 2705 1071 2764 Plautum
1100 2725 1179 2783 serpe
1201 2705 1363 2764 verborum

230 2807 319 2866 modo
348 2810 479 2868 construi
508 2807 637 2868 vidimus
667 2807 705 2866 nd
726 2805 836 2885 Amph.
862 2809 932 2865 515.
983 2799 1144 2882 Conpende'
1171 2801 1277 2880 faeere
1306 2804 1363 2868 eli·
1478 2857 1479 2902 ι

231 2905 310 2988 quid
338 2913 521 2968 contrarium
545 2915 591 2968 est
615 2909 819 2988 expendendo.
865 2907 984 2968 Dicitur
1012 2917 1046 2968 ut
1073 2910 1148 2968 lucri
1171 2909 1285 2982 fecere,
1308 2931 1364 2970 nec
1478 2927 1479 2994 ξ

230 3019 331 3070 tomen
355 3012 391 3070 <le
415 3011 606 3090 acquirendo
632 3012 684 3070 sed
708 3013 744 3072 de
767 3031 811 3084 eo,
836 3010 918 3090 quod
939 3013 1124 3088 parsimonie
1145 3012 1305 3086 lucramur,
1329 3019 1364 3070 ut
1478 2997 1479 3030 ³

230 3117 293 3174 fere
316 3115 394 3174 idem
418 3117 459 3172 sit
483 3115 562 3194 quod
584 3135 716 3194 parcere.
751 3114 795 3172 cf.
819 3113 940 3174 Trucul.
964 3115 1025 3172 374
1049 3135 1129 3192 sqq.:
1158 3113 1299 3186 „Utinam
1313 3159 1319 3172 .
1334 3159 1362 3172 ..

230 3220 273 3277 rei
297 3220 481 3298 pepercisses
503 3219 600 3276 mene!
693 3215 755 3276 PH.
781 3216 811 3276 si
834 3216 907 3294 quid
929 3215 985 3274 tibi
997 3216 1151 3294 Conpendi
1172 3215 1272 3275 fecere
1293 3237 1363 3295 pos·

231 3325 300 3394 sim,
331 3321 441 3378 factum
470 3319 575 3398 edepol
609 3317 731 3377 uelim“.
777 3317 858 3378 Pers.
883 3321 961 3377 472:
1000 3318 1165 3396 „conpendi
1193 3318 1248 3377 leci
1277 3319 1364 3378 binos

230 3444 323 3500 panes
341 3425 372 3481 in
391 3420 485 3482 dies“.
523 3421 717 3480 Transfertur
739 3421 846 3478 deinde
869 3421 907 3480 ed
930 3420 1005 3480 elias
1027 3422 1167 3493 actiones,
1192 3440 1266 3497 quas
1287 3441 1363 3500 prae·

230 3533 312 3584 stare
335 3547 395 3584 non
419 3545 494 3604 opus
517 3526 571 3598 sit,
595 3529 629 3582 ut
645 3524 726 3583 Poen.
747 3525 824 3582 348:
851 3543 970 3596 „curum
991 3523 1067 3582 hunc
1090 3523 1186 3582 lacere
1215 3523 1362 3602 conpendi

230 3626 348 3707 potes“.
394 3627 484 3686 Most.
511 3629 563 3685 57:
598 3625 768 3698 „Orationis
796 3645 917 3704 opernm
945 3626 1092 3703 conpendi
1114 3623 1208 3686 loce“.
1253 3625 1360 3684 Pseud.

234 3733 330 3790 1139:
358 3750 497 3808 „operum
516 3730 562 3788 fac
582 3729 728 3804 conpendi
752 3725 926 3806 quaerere“.
961 3727 1068 3788 Bacch.
1090 3730 1163 3787 180:
1192 3727 1363 3810 „conpendi

230 3832 324 3891 uerba
345 3832 442 3890 mults
464 3836 523 3891 iam
545 3832 651 3890 fecium
675 3829 760 3890 tibi“.
796 3831 890 3890 Lucil.
903 3830 1015 3904 XXIX,
1033 3830 1070 3890 fr.
1091 3833 1128 3888 27
1146 3829 1249 3889 null:
1273 3829 1362 3907 „Orn-

229 3937 342 3993 tionem
364 3933 461 3993 fucere
479 3933 623 4012 conpendi
640 3931 756 4011 potes“.
791 3933 874 3992 Alibi
897 3933 1009 3994 dicitur
1032 3917 1238 4008 conpendium
1260 3929 1363 4010 faeere

231 4032 277 4095 rei
299 4031 447 4110 alicuine,
472 4043 505 4094 ut
525 4036 633 4095 Pseud,
659 4037 719 4096 609
747 4033 936 4113 „pultandi“,
959 4019 1036 4114 llud.
1063 4037 1122 4094 leo
1150 4033 1361 4110 „errationis“,

231 4139 321 4198 Stich.
343 4140 402 4198 198
429 4137 634 4218 „praeconis“.
669 4138 795 4198 Dativus
815 4138 900 4217 Cspt.
923 4140 984 4198 958
1009 4137 1210 4197 emendandus
1232 4136 1362 4196 videtur.

231 4241 295 4300 Ces.
320 4243 382 4300 494
406 4262 470 4320 sqq.
504 4261 634 4318 „ponere
663 4241 701 4300 sd
730 4239 959 4317 conpendium“.
984 4271 1022 4280 -
1052 4241 1121 4301 306.
1146 4239 1270 4300 Numeri
1297 4258 1362 4298 ver-

231 4363 296 4401 sum
324 4363 385 4402 nou
414 4343 549 4420 explent,
580 4363 672 4420 quere
694 4343 784 4402 Both.
809 4348 840 4400 et
862 4342 947 4402 Mull.
971 4349 1103 4421 transp:
1137 4347 1203 4416 „est
1229 4340 1363 4418 negoti“,
