<?xml version="1.0" encoding="UTF-8"?>
<!DOCTYPE html PUBLIC "-//W3C//DTD XHTML 1.0 Transitional//EN"
    "http://www.w3.org/TR/xhtml1/DTD/xhtml1-transitional.dtd">
<html xmlns="http://www.w3.org/1999/xhtml" xml:lang="en" lang="en">
 <head>
  <title>
</title>
<meta http-equiv="Content-Type" content="text/html;charset=utf-8" />
  <meta name='ocr-system' content='tesseract 3.04.00' />
  <meta name='ocr-capabilities' content='ocr_page ocr_carea ocr_par ocr_line ocrx_word'/>
</head>
<body>
  <div class='ocr_page' id='page_1' title='image "./tmacciiplautico02ussigoog_0080.png"; bbox 0 0 2992 5054; ppageno 0'>
   <div class='ocr_carea' id='block_1_1' title="bbox 570 524 1222 596">
    <p class='ocr_par' dir='ltr' id='par_1_1' title="bbox 570 524 1222 596">
     <span class='ocr_line' id='line_1_1' title="bbox 570 524 1222 596; baseline 0.006 -21"><span class='ocrx_word' id='word_1_1' title='bbox 570 524 747 592; x_wconf 86' lang='lat' dir='ltr'><strong>Amphitruo.</strong></span> <span class='ocrx_word' id='word_1_2' title='bbox 1183 539 1222 596; x_wconf 80' lang='grc'><strong>65</strong></span> 
     </span>
    </p>
   </div>
   <div class='ocr_carea' id='block_1_2' title="bbox 96 705 1224 800">
    <p class='ocr_par' dir='ltr' id='par_1_2' title="bbox 96 705 1224 800">
     <span class='ocr_line' id='line_1_2' title="bbox 96 705 1224 800; baseline 0.012 -29"><span class='ocrx_word' id='word_1_3' title='bbox 96 705 237 791; x_wconf 89' lang='lat' dir='ltr'><strong>Optume</strong></span> <span class='ocrx_word' id='word_1_4' title='bbox 260 709 332 774; x_wconf 88' lang='lat' dir='ltr'><strong>iure</strong></span> <span class='ocrx_word' id='word_1_5' title='bbox 355 709 553 794; x_wconf 87' lang='lat' dir='ltr'><strong>infringatur</strong></span> <span class='ocrx_word' id='word_1_6' title='bbox 575 713 653 778; x_wconf 85' lang='lat' dir='ltr'><strong>aula</strong></span> <span class='ocrx_word' id='word_1_7' title='bbox 676 713 795 779; x_wconf 89' lang='lat' dir='ltr'><strong>cineris</strong></span> <span class='ocrx_word' id='word_1_8' title='bbox 817 713 852 778; x_wconf 89' lang='lat' dir='ltr'><strong>in</strong></span> <span class='ocrx_word' id='word_1_9' title='bbox 875 723 984 800; x_wconf 88' lang='lat' dir='ltr'><strong>caput.</strong></span> <span class='ocrx_word' id='word_1_10' title='bbox 1157 721 1224 775; x_wconf 82' lang='grc'><strong>1030</strong></span> 
     </span>
    </p>
   </div>
   <div class='ocr_carea' id='block_1_3' title="bbox 93 923 1222 1021">
    <p class='ocr_par' dir='ltr' id='par_1_3' title="bbox 93 923 1222 1021">
     <span class='ocr_line' id='line_1_3' title="bbox 93 923 1222 1021; baseline 0.012 -32"><span class='ocrx_word' id='word_1_11' title='bbox 93 923 140 990; x_wconf 88' lang='lat' dir='ltr'><strong>Ne</strong></span> <span class='ocrx_word' id='word_1_12' title='bbox 158 930 195 990; x_wconf 92' lang='lat' dir='ltr'><strong>tn</strong></span> <span class='ocrx_word' id='word_1_13' title='bbox 214 925 374 1009; x_wconf 74' lang='lat' dir='ltr'>postules,</span> <span class='ocrx_word' id='word_1_14' title='bbox 392 926 520 993; x_wconf 85' lang='lat' dir='ltr'><strong>matula</strong></span> <span class='ocrx_word' id='word_1_15' title='bbox 536 928 603 994; x_wconf 86' lang='lat' dir='ltr'><strong>iam</strong></span> <span class='ocrx_word' id='word_1_16' title='bbox 619 931 684 996; x_wconf 87' lang='lat' dir='ltr'><strong>iam</strong></span> <span class='ocrx_word' id='word_1_17' title='bbox 701 929 762 996; x_wconf 88' lang='lat' dir='ltr'><strong>tibi</strong></span> <span class='ocrx_word' id='word_1_18' title='bbox 781 950 901 1013; x_wconf 91' lang='lat' dir='ltr'><strong>aquam</strong></span> <span class='ocrx_word' id='word_1_19' title='bbox 917 931 1054 1000; x_wconf 82' lang='lat' dir='ltr'><strong>infirndo</strong></span> <span class='ocrx_word' id='word_1_20' title='bbox 1066 935 1101 1000; x_wconf 91' lang='lat' dir='ltr'><strong>in</strong></span> <span class='ocrx_word' id='word_1_21' title='bbox 1113 944 1222 1021; x_wconf 86' lang='lat' dir='ltr'><strong>caput.</strong></span> 
     </span>
    </p>
   </div>
   <div class='ocr_carea' id='block_1_4' title="bbox 93 1144 1301 1342">
    <p class='ocr_par' dir='ltr' id='par_1_4' title="bbox 93 1144 1301 1342">
     <span class='ocr_line' id='line_1_4' title="bbox 538 1144 875 1230; baseline -0.006 -20"><span class='ocrx_word' id='word_1_22' title='bbox 538 1144 779 1230; x_wconf 86' lang='lat' dir='ltr'><strong>Amphitruo</strong></span> <span class='ocrx_word' id='word_1_23' title='bbox 872 1199 875 1208; x_wconf 92' lang='lat'>.</span> 
     </span>
     <span class='ocr_line' id='line_1_5' title="bbox 93 1249 1301 1342; baseline 0.009 -28"><span class='ocrx_word' id='word_1_24' title='bbox 93 1249 176 1329; x_wconf 84' lang='lat' dir='ltr'>Quid</span> <span class='ocrx_word' id='word_1_25' title='bbox 198 1251 379 1318; x_wconf 79' lang='lat' dir='ltr'>minitabas</span> <span class='ocrx_word' id='word_1_26' title='bbox 401 1257 435 1318; x_wconf 91' lang='lat' dir='ltr'><strong>te</strong></span> <span class='ocrx_word' id='word_1_27' title='bbox 457 1250 632 1335; x_wconf 84' lang='lat' dir='ltr'><strong>facturum,</strong></span> <span class='ocrx_word' id='word_1_28' title='bbox 656 1255 683 1320; x_wconf 91' lang='lat' dir='ltr'><strong>si</strong></span> <span class='ocrx_word' id='word_1_29' title='bbox 705 1257 788 1321; x_wconf 86' lang='lat' dir='ltr'><strong>istas</strong></span> <span class='ocrx_word' id='word_1_30' title='bbox 811 1256 1009 1342; x_wconf 80' lang='lat' dir='ltr'><strong>pepulissem</strong></span> <span class='ocrx_word' id='word_1_31' title='bbox 1032 1257 1143 1324; x_wconf 82' lang='lat' dir='ltr'><strong>fores?</strong></span> <span class='ocrx_word' id='word_1_32' title='bbox 1296 1249 1301 1258; x_wconf 52' lang='lat'>⁸</span> 
     </span>
    </p>
   </div>
   <div class='ocr_carea' id='block_1_5' title="bbox 92 1465 973 1554">
    <p class='ocr_par' dir='ltr' id='par_1_5' title="bbox 92 1465 973 1554">
     <span class='ocr_line' id='line_1_6' title="bbox 92 1465 973 1554; baseline 0.01 -25"><span class='ocrx_word' id='word_1_33' title='bbox 92 1465 141 1530; x_wconf 85' lang='lat' dir='ltr'><strong>lbi</strong></span> <span class='ocrx_word' id='word_1_34' title='bbox 163 1468 299 1534; x_wconf 89' lang='lat' dir='ltr'><strong>scrobes</strong></span> <span class='ocrx_word' id='word_1_35' title='bbox 322 1468 466 1534; x_wconf 82' lang='lat' dir='ltr'><strong>ecfodito</strong></span> <span class='ocrx_word' id='word_1_36' title='bbox 491 1475 524 1534; x_wconf 83' lang='lat' dir='ltr'><strong>ta</strong></span> <span class='ocrx_word' id='word_1_37' title='bbox 547 1471 621 1554; x_wconf 89' lang='lat' dir='ltr'><strong>plus</strong></span> <span class='ocrx_word' id='word_1_38' title='bbox 644 1491 824 1553; x_wconf 84' lang='lat' dir='ltr'><strong>sexagenos</strong></span> <span class='ocrx_word' id='word_1_39' title='bbox 847 1473 880 1536; x_wconf 90' lang='lat' dir='ltr'><strong>in</strong></span> <span class='ocrx_word' id='word_1_40' title='bbox 904 1473 973 1538; x_wconf 89' lang='lat' dir='ltr'><strong>dies</strong></span> 
     </span>
    </p>
   </div>
   <div class='ocr_carea' id='block_1_6' title="bbox 91 1681 505 1769">
    <p class='ocr_par' dir='ltr' id='par_1_6' title="bbox 91 1681 505 1769">
     <span class='ocr_line' id='line_1_7' title="bbox 91 1681 505 1769; baseline 0.012 -24"><span class='ocrx_word' id='word_1_41' title='bbox 91 1681 164 1747; x_wconf 92' lang='lat' dir='ltr'><strong>Noli</strong></span> <span class='ocrx_word' id='word_1_42' title='bbox 187 1705 342 1768; x_wconf 90' lang='lat' dir='ltr'><strong>pessumo</strong></span> <span class='ocrx_word' id='word_1_43' title='bbox 366 1687 505 1769; x_wconf 86' lang='lat' dir='ltr'><strong>precari.</strong></span> 
     </span>
    </p>
   </div>
   <div class='ocr_carea' id='block_1_7' title="bbox 162 1881 924 2071">
    <p class='ocr_par' dir='ltr' id='par_1_7' title="bbox 92 1881 924 2071">
     <span class='ocr_line' id='line_1_8' title="bbox 525 1881 868 1964; baseline 0.006 -21"><span class='ocrx_word' id='word_1_44' title='bbox 525 1881 669 1944; x_wconf 86' lang='lat' dir='ltr'><strong>animam</strong></span> <span class='ocrx_word' id='word_1_45' title='bbox 692 1881 868 1964; x_wconf 85' lang='lat' dir='ltr'><strong>comprime</strong></span> 
     </span>
     <span class='ocr_line' id='line_1_9' title="bbox 162 1987 924 2071; baseline 0.01 -23.327"><span class='ocrx_word' id='word_1_46' title='bbox 162 2007 249 2069; x_wconf 85' lang='lat' dir='ltr'><strong>quae</strong></span> <span class='ocrx_word' id='word_1_47' title='bbox 273 2009 324 2052; x_wconf 86' lang='lat' dir='ltr'><strong>me</strong></span> <span class='ocrx_word' id='word_1_48' title='bbox 348 1988 483 2053; x_wconf 82' lang='lat' dir='ltr'><strong>absente</strong></span> <span class='ocrx_word' id='word_1_49' title='bbox 507 2009 626 2071; x_wconf 89' lang='lat' dir='ltr'><strong>corpus</strong></span> <span class='ocrx_word' id='word_1_50' title='bbox 649 1987 797 2070; x_wconf 84' lang='lat' dir='ltr'><strong>uolgauit</strong></span> <span class='ocrx_word' id='word_1_51' title='bbox 820 1987 924 2055; x_wconf 77' lang='lat' dir='ltr'><strong>suum.</strong></span> 
     </span>
    </p>
   </div>
   <div class='ocr_carea' id='block_1_8' title="bbox 91 2206 874 2487">
    <p class='ocr_par' dir='ltr' id='par_1_8' title="bbox 91 2206 874 2487">
     <span class='ocr_line' id='line_1_10' title="bbox 547 2206 766 2270; baseline 0.005 -1"><span class='ocrx_word' id='word_1_52' title='bbox 547 2206 766 2270; x_wconf 86' lang='lat' dir='ltr'><strong>Alcumena</strong></span> 
     </span>
     <span class='ocr_line' id='line_1_11' title="bbox 92 2307 874 2386; baseline 0.008 -14"><span class='ocrx_word' id='word_1_53' title='bbox 92 2307 203 2386; x_wconf 84' lang='lat' dir='ltr'><strong>Quaese</strong></span> <span class='ocrx_word' id='word_1_54' title='bbox 227 2311 419 2377; x_wconf 82' lang='lat' dir='ltr'><strong>aduenienti</strong></span> <span class='ocrx_word' id='word_1_55' title='bbox 441 2313 556 2378; x_wconf 92' lang='lat' dir='ltr'><strong>morbo</strong></span> <span class='ocrx_word' id='word_1_56' title='bbox 579 2313 779 2378; x_wconf 78' lang='lat' dir='ltr'><strong>medicamen</strong></span> <span class='ocrx_word' id='word_1_57' title='bbox 804 2313 874 2378; x_wconf 91' lang='lat' dir='ltr'><strong>tibi.</strong></span> 
     </span>
     <span class='ocr_line' id='line_1_12' title="bbox 91 2415 815 2487; baseline 0.007 -7"><span class='ocrx_word' id='word_1_58' title='bbox 91 2415 136 2481; x_wconf 91' lang='lat' dir='ltr'><strong>Tu</strong></span> <span class='ocrx_word' id='word_1_59' title='bbox 159 2426 251 2485; x_wconf 86' lang='lat' dir='ltr'><strong>certe</strong></span> <span class='ocrx_word' id='word_1_60' title='bbox 276 2426 334 2484; x_wconf 88' lang='lat' dir='ltr'><strong>aut</strong></span> <span class='ocrx_word' id='word_1_61' title='bbox 356 2421 506 2486; x_wconf 88' lang='lat' dir='ltr'><strong>laruatus</strong></span> <span class='ocrx_word' id='word_1_62' title='bbox 529 2428 586 2487; x_wconf 88' lang='lat' dir='ltr'><strong>aut</strong></span> <span class='ocrx_word' id='word_1_63' title='bbox 609 2423 749 2487; x_wconf 85' lang='lat' dir='ltr'><strong>cerritus</strong></span> <span class='ocrx_word' id='word_1_64' title='bbox 773 2443 815 2485; x_wconf 76' lang='lat' dir='ltr'><strong>ee.</strong></span> 
     </span>
    </p>
   </div>
   <div class='ocr_carea' id='block_1_9' title="bbox 93 2698 1214 4478">
    <p class='ocr_par' dir='ltr' id='par_1_9' title="bbox 94 2698 539 2768">
     <span class='ocr_line' id='line_1_13' title="bbox 94 2698 539 2768; baseline 0.007 -20"><span class='ocrx_word' id='word_1_65' title='bbox 94 2699 155 2753; x_wconf 92' lang='grc'><strong>1030</strong></span> <span class='ocrx_word' id='word_1_66' title='bbox 170 2701 245 2755; x_wconf 74' lang='lat' dir='ltr'><strong>Noa</strong></span> <span class='ocrx_word' id='word_1_67' title='bbox 261 2716 292 2768; x_wconf 80' lang='lat' dir='ltr'><strong>p.</strong></span> <span class='ocrx_word' id='word_1_68' title='bbox 311 2701 368 2752; x_wconf 75' lang='lat'><strong>543</strong></span> <span class='ocrx_word' id='word_1_69' title='bbox 384 2713 440 2753; x_wconf 85' lang='lat' dir='ltr'><strong>voc.</strong></span> <span class='ocrx_word' id='word_1_70' title='bbox 460 2698 539 2751; x_wconf 78' lang='lat' dir='ltr'><strong>Aula</strong></span> 
     </span>
    </p>

    <p class='ocr_par' dir='ltr' id='par_1_10' title="bbox 93 2782 1214 2941">
     <span class='ocr_line' id='line_1_14' title="bbox 93 2782 1214 2855; baseline 0.006 -21"><span class='ocrx_word' id='word_1_71' title='bbox 93 2785 152 2838; x_wconf 88' lang='grc'><strong>1031</strong></span> <span class='ocrx_word' id='word_1_72' title='bbox 171 2786 245 2840; x_wconf 73' lang='lat' dir='ltr'><strong>Non.</strong></span> <span class='ocrx_word' id='word_1_73' title='bbox 261 2801 291 2854; x_wconf 76' lang='lat' dir='ltr'><strong>p.</strong></span> <span class='ocrx_word' id='word_1_74' title='bbox 311 2787 380 2838; x_wconf 73' lang='lat'><em>543.-</em></span> <span class='ocrx_word' id='word_1_75' title='bbox 406 2783 536 2852; x_wconf 82' lang='lat' dir='ltr'><strong>Matella,</strong></span> <span class='ocrx_word' id='word_1_76' title='bbox 559 2782 703 2852; x_wconf 81' lang='lat' dir='ltr'><strong>aquarium</strong></span> <span class='ocrx_word' id='word_1_77' title='bbox 724 2799 786 2852; x_wconf 81' lang='lat' dir='ltr'><strong>vas,</strong></span> <span class='ocrx_word' id='word_1_78' title='bbox 809 2784 924 2838; x_wconf 79' lang='lat' dir='ltr'><strong>Plautus</strong></span> <span class='ocrx_word' id='word_1_79' title='bbox 947 2786 977 2840; x_wconf 90' lang='lat' dir='ltr'><strong>in</strong></span> <span class='ocrx_word' id='word_1_80' title='bbox 999 2785 1214 2855; x_wconf 86' lang='lat' dir='ltr'><strong>Amphitryone:</strong></span> 
     </span>
     <span class='ocr_line' id='line_1_15' title="bbox 138 2869 1107 2941; baseline 0.003 -19"><span class='ocrx_word' id='word_1_81' title='bbox 138 2869 179 2923; x_wconf 82' lang='lat' dir='ltr'><strong>Ne</strong></span> <span class='ocrx_word' id='word_1_82' title='bbox 197 2877 229 2925; x_wconf 88' lang='lat' dir='ltr'><strong>tu</strong></span> <span class='ocrx_word' id='word_1_83' title='bbox 248 2871 374 2940; x_wconf 78' lang='lat' dir='ltr'><strong>postules</strong></span> <span class='ocrx_word' id='word_1_84' title='bbox 392 2869 529 2924; x_wconf 80' lang='lat' dir='ltr'><strong>matulam</strong></span> <span class='ocrx_word' id='word_1_85' title='bbox 547 2885 633 2923; x_wconf 88' lang='lat' dir='ltr'><strong>unam</strong></span> <span class='ocrx_word' id='word_1_86' title='bbox 650 2869 703 2921; x_wconf 94' lang='lat' dir='ltr'><strong>tibi</strong></span> <span class='ocrx_word' id='word_1_87' title='bbox 721 2885 822 2938; x_wconf 78' lang='lat' dir='ltr'><strong>aquam</strong></span> <span class='ocrx_word' id='word_1_88' title='bbox 839 2870 950 2924; x_wconf 84' lang='lat' dir='ltr'><strong>infundi</strong></span> <span class='ocrx_word' id='word_1_89' title='bbox 967 2872 997 2924; x_wconf 92' lang='lat' dir='ltr'><strong>in</strong></span> <span class='ocrx_word' id='word_1_90' title='bbox 1015 2876 1107 2941; x_wconf 79' lang='lat' dir='ltr'><strong>caput</strong></span> 
     </span>
    </p>

    <p class='ocr_par' dir='ltr' id='par_1_11' title="bbox 93 2954 1214 3106">
     <span class='ocr_line' id='line_1_16' title="bbox 93 2954 1214 3027; baseline 0.006 -23"><span class='ocrx_word' id='word_1_91' title='bbox 93 2954 154 3007; x_wconf 83' lang='lat'>1032</span> <span class='ocrx_word' id='word_1_92' title='bbox 170 2955 244 3011; x_wconf 77' lang='lat' dir='ltr'><strong>Non.</strong></span> <span class='ocrx_word' id='word_1_93' title='bbox 260 2972 290 3025; x_wconf 75' lang='lat' dir='ltr'><strong>p.</strong></span> <span class='ocrx_word' id='word_1_94' title='bbox 310 2958 381 3010; x_wconf 76' lang='lat'><em>4⁷3:</em></span> <span class='ocrx_word' id='word_1_95' title='bbox 399 2955 515 3010; x_wconf 84' lang='lat' dir='ltr'><strong>Minitee</strong></span> <span class='ocrx_word' id='word_1_96' title='bbox 532 2973 585 3023; x_wconf 85' lang='lat' dir='ltr'><strong>pro</strong></span> <span class='ocrx_word' id='word_1_97' title='bbox 603 2955 742 3008; x_wconf 81' lang='lat' dir='ltr'><strong>minitaris</strong></span> <span class='ocrx_word' id='word_1_98' title='bbox 822 2954 937 3009; x_wconf 76' lang='lat' dir='ltr'><strong>Plautus</strong></span> <span class='ocrx_word' id='word_1_99' title='bbox 954 2956 983 3009; x_wconf 92' lang='lat' dir='ltr'><strong>in</strong></span> <span class='ocrx_word' id='word_1_100' title='bbox 998 2957 1214 3027; x_wconf 83' lang='lat' dir='ltr'><strong>Amphitryone:</strong></span> 
     </span>
     <span class='ocr_line' id='line_1_17' title="bbox 139 3037 281 3106; baseline 0.007 -13"><span class='ocrx_word' id='word_1_101' title='bbox 139 3037 208 3106; x_wconf 80' lang='lat' dir='ltr'><strong>Quid</strong></span> <span class='ocrx_word' id='word_1_102' title='bbox 228 3045 281 3095; x_wconf 88' lang='lat' dir='ltr'><strong>etc.</strong></span> 
     </span>
    </p>

    <p class='ocr_par' dir='ltr' id='par_1_12' title="bbox 94 3123 1214 3708">
     <span class='ocr_line' id='line_1_18' title="bbox 94 3123 1214 3196; baseline 0.006 -23"><span class='ocrx_word' id='word_1_103' title='bbox 94 3123 154 3178; x_wconf 89' lang='grc'><strong>1033</strong></span> <span class='ocrx_word' id='word_1_104' title='bbox 171 3126 311 3182; x_wconf 75' lang='lat' dir='ltr'><strong>Priscian.</strong></span> <span class='ocrx_word' id='word_1_105' title='bbox 336 3127 367 3195; x_wconf 89' lang='lat' dir='ltr'><strong>V,</strong></span> <span class='ocrx_word' id='word_1_106' title='bbox 385 3130 430 3195; x_wconf 79' lang='grc'><strong>41,</strong></span> <span class='ocrx_word' id='word_1_107' title='bbox 444 3142 474 3195; x_wconf 75' lang='lat' dir='ltr'><strong>p.</strong></span> <span class='ocrx_word' id='word_1_108' title='bbox 492 3129 546 3180; x_wconf 84' lang='grc'><strong>168</strong></span> <span class='ocrx_word' id='word_1_109' title='bbox 561 3125 615 3179; x_wconf 89' lang='grc' dir='ltr'><strong>Η..·</strong></span> <span class='ocrx_word' id='word_1_110' title='bbox 634 3124 737 3179; x_wconf 79' lang='lat' dir='ltr'><strong>Soroba</strong></span> <span class='ocrx_word' id='word_1_111' title='bbox 756 3165 762 3176; x_wconf 92' lang='lat'><em>.</em></span> <span class='ocrx_word' id='word_1_112' title='bbox 778 3165 784 3178; x_wconf 94' lang='lat'><strong>.</strong></span> <span class='ocrx_word' id='word_1_113' title='bbox 803 3129 832 3179; x_wconf 89' lang='lat' dir='ltr'><strong>et</strong></span> <span class='ocrx_word' id='word_1_114' title='bbox 849 3126 1003 3180; x_wconf 80' lang='lat' dir='ltr'><strong>masculino</strong></span> <span class='ocrx_word' id='word_1_115' title='bbox 1021 3143 1123 3196; x_wconf 84' lang='lat' dir='ltr'><strong>genere</strong></span> <span class='ocrx_word' id='word_1_116' title='bbox 1140 3128 1214 3181; x_wconf 86' lang='lat' dir='ltr'><strong>inve·</strong></span> 
     </span>
     <span class='ocr_line' id='line_1_19' title="bbox 138 3210 1214 3282; baseline 0.002 -18"><span class='ocrx_word' id='word_1_117' title='bbox 138 3211 219 3266; x_wconf 86' lang='lat' dir='ltr'><strong>nitur.</strong></span> <span class='ocrx_word' id='word_1_118' title='bbox 250 3212 364 3267; x_wconf 83' lang='lat' dir='ltr'><strong>Plautus</strong></span> <span class='ocrx_word' id='word_1_119' title='bbox 378 3213 407 3266; x_wconf 92' lang='lat' dir='ltr'><strong>in</strong></span> <span class='ocrx_word' id='word_1_120' title='bbox 417 3211 625 3280; x_wconf 89' lang='lat' dir='ltr'><strong>Amphitrione:</strong></span> <span class='ocrx_word' id='word_1_121' title='bbox 644 3211 687 3264; x_wconf 90' lang='lat' dir='ltr'><strong>Ibi</strong></span> <span class='ocrx_word' id='word_1_122' title='bbox 705 3211 817 3264; x_wconf 84' lang='lat' dir='ltr'><strong>scrobes</strong></span> <span class='ocrx_word' id='word_1_123' title='bbox 837 3210 920 3265; x_wconf 85' lang='lat' dir='ltr'><strong>effodi</strong></span> <span class='ocrx_word' id='word_1_124' title='bbox 939 3212 1040 3281; x_wconf 84' lang='lat' dir='ltr'><strong>duplus</strong></span> <span class='ocrx_word' id='word_1_125' title='bbox 1058 3229 1214 3282; x_wconf 79' lang='lat' dir='ltr'><strong>sexagenos</strong></span> 
     </span>
     <span class='ocr_line' id='line_1_20' title="bbox 138 3295 1214 3368; baseline 0.004 -20"><span class='ocrx_word' id='word_1_126' title='bbox 138 3297 166 3352; x_wconf 92' lang='lat' dir='ltr'><strong>in</strong></span> <span class='ocrx_word' id='word_1_127' title='bbox 184 3299 251 3353; x_wconf 83' lang='lat' dir='ltr'><strong>dies.</strong></span> <span class='ocrx_word' id='word_1_128' title='bbox 279 3299 323 3353; x_wconf 81' lang='lat' dir='ltr'><strong>Id.</strong></span> <span class='ocrx_word' id='word_1_129' title='bbox 345 3297 414 3364; x_wconf 86' lang='lat' dir='ltr'><strong><em>VII,</em></strong></span> <span class='ocrx_word' id='word_1_130' title='bbox 433 3301 479 3366; x_wconf 78' lang='lat'><strong>40,</strong></span> <span class='ocrx_word' id='word_1_131' title='bbox 492 3313 522 3365; x_wconf 81' lang='lat' dir='ltr'><strong>p.</strong></span> <span class='ocrx_word' id='word_1_132' title='bbox 543 3299 614 3350; x_wconf 81' lang='lat'><em>321:</em></span> <span class='ocrx_word' id='word_1_133' title='bbox 632 3295 747 3350; x_wconf 83' lang='lat' dir='ltr'><strong>Plautus</strong></span> <span class='ocrx_word' id='word_1_134' title='bbox 765 3297 921 3351; x_wconf 82' lang='lat' dir='ltr'><strong>masculino</strong></span> <span class='ocrx_word' id='word_1_135' title='bbox 940 3313 1042 3367; x_wconf 78' lang='lat' dir='ltr'><strong>genere</strong></span> <span class='ocrx_word' id='word_1_136' title='bbox 1060 3298 1166 3368; x_wconf 83' lang='lat' dir='ltr'><strong>profert</strong></span> <span class='ocrx_word' id='word_1_137' title='bbox 1184 3299 1214 3352; x_wconf 90' lang='lat' dir='ltr'><strong>in</strong></span> 
     </span>
     <span class='ocr_line' id='line_1_21' title="bbox 139 3380 1213 3454; baseline 0 -18"><span class='ocrx_word' id='word_1_138' title='bbox 139 3383 355 3454; x_wconf 82' lang='lat' dir='ltr'><strong>Amphitryone:</strong></span> <span class='ocrx_word' id='word_1_139' title='bbox 374 3383 417 3437; x_wconf 90' lang='lat' dir='ltr'><strong>Ibi</strong></span> <span class='ocrx_word' id='word_1_140' title='bbox 435 3383 547 3438; x_wconf 82' lang='lat' dir='ltr'><strong>scrobes</strong></span> <span class='ocrx_word' id='word_1_141' title='bbox 565 3380 679 3435; x_wconf 83' lang='lat' dir='ltr'><strong>effodito</strong></span> <span class='ocrx_word' id='word_1_142' title='bbox 697 3381 760 3450; x_wconf 82' lang='lat' dir='ltr'><strong>plus</strong></span> <span class='ocrx_word' id='word_1_143' title='bbox 780 3398 932 3451; x_wconf 79' lang='lat' dir='ltr'><strong>sexagenos</strong></span> <span class='ocrx_word' id='word_1_144' title='bbox 951 3384 980 3437; x_wconf 91' lang='lat' dir='ltr'><strong>in</strong></span> <span class='ocrx_word' id='word_1_145' title='bbox 999 3383 1064 3436; x_wconf 82' lang='lat' dir='ltr'><strong>dies.</strong></span> <span class='ocrx_word' id='word_1_146' title='bbox 1101 3383 1213 3437; x_wconf 72' lang='lat' dir='ltr'><strong>Nereius</strong></span> 
     </span>
     <span class='ocr_line' id='line_1_22' title="bbox 134 3467 1211 3537; baseline -0.002 -15"><span class='ocrx_word' id='word_1_147' title='bbox 134 3483 162 3535; x_wconf 81' lang='lat' dir='ltr'><strong>p.</strong></span> <span class='ocrx_word' id='word_1_148' title='bbox 180 3473 255 3524; x_wconf 70' lang='lat'><strong>225:</strong></span> <span class='ocrx_word' id='word_1_149' title='bbox 275 3469 394 3523; x_wconf 86' lang='lat' dir='ltr'><strong>Sorobes</strong></span> <span class='ocrx_word' id='word_1_150' title='bbox 411 3469 546 3523; x_wconf 79' lang='lat' dir='ltr'><strong>feminino</strong></span> <span class='ocrx_word' id='word_1_151' title='bbox 565 3485 679 3537; x_wconf 79' lang='lat' dir='ltr'><strong>gener-03</strong></span> <span class='ocrx_word' id='word_1_152' title='bbox 698 3467 852 3522; x_wconf 79' lang='lat' dir='ltr'><strong>masculino</strong></span> <span class='ocrx_word' id='word_1_153' title='bbox 866 3468 981 3523; x_wconf 82' lang='lat' dir='ltr'><strong>Plautus</strong></span> <span class='ocrx_word' id='word_1_154' title='bbox 995 3468 1211 3536; x_wconf 77' lang='lat' dir='ltr'><strong>Amphitryone:</strong></span> 
     </span>
     <span class='ocr_line' id='line_1_23' title="bbox 140 3552 1210 3624; baseline 0.001 -18"><span class='ocrx_word' id='word_1_155' title='bbox 140 3553 180 3608; x_wconf 87' lang='lat' dir='ltr'><strong>Ihi</strong></span> <span class='ocrx_word' id='word_1_156' title='bbox 198 3555 311 3610; x_wconf 82' lang='lat' dir='ltr'><strong>scrobes</strong></span> <span class='ocrx_word' id='word_1_157' title='bbox 329 3555 418 3608; x_wconf 83' lang='lat' dir='ltr'><strong>fodito</strong></span> <span class='ocrx_word' id='word_1_158' title='bbox 441 3569 596 3624; x_wconf 77' lang='lat' dir='ltr'><strong>sexagenos</strong></span> <span class='ocrx_word' id='word_1_159' title='bbox 620 3555 650 3608; x_wconf 90' lang='lat' dir='ltr'><strong>in</strong></span> <span class='ocrx_word' id='word_1_160' title='bbox 668 3553 734 3608; x_wconf 82' lang='lat' dir='ltr'><strong>dies.</strong></span> <span class='ocrx_word' id='word_1_161' title='bbox 772 3553 814 3620; x_wconf 81' lang='lat' dir='ltr'><strong>Of.</strong></span> <span class='ocrx_word' id='word_1_162' title='bbox 835 3555 917 3608; x_wconf 78' lang='lat' dir='ltr'><strong>ctiam</strong></span> <span class='ocrx_word' id='word_1_163' title='bbox 933 3553 1017 3608; x_wconf 78' lang='lat' dir='ltr'><strong>Proh.</strong></span> <span class='ocrx_word' id='word_1_164' title='bbox 1036 3553 1159 3609; x_wconf 66' lang='lat' dir='ltr'><strong>Lindon.</strong></span> <span class='ocrx_word' id='word_1_165' title='bbox 1182 3552 1210 3611; x_wconf 79' lang='lat'><strong>0.</strong></span> 
     </span>
     <span class='ocr_line' id='line_1_24' title="bbox 141 3637 363 3708; baseline 0.014 -17"><span class='ocrx_word' id='word_1_166' title='bbox 141 3637 186 3694; x_wconf 77' lang='lat' dir='ltr'><strong>Gr.</strong></span> <span class='ocrx_word' id='word_1_167' title='bbox 206 3641 277 3708; x_wconf 73' lang='lat' dir='ltr'><strong>Lp.</strong></span> <span class='ocrx_word' id='word_1_168' title='bbox 298 3643 363 3694; x_wconf 68' lang='lat'><em>120.</em></span> 
     </span>
    </p>

    <p class='ocr_par' dir='ltr' id='par_1_13' title="bbox 96 3721 1211 3966">
     <span class='ocr_line' id='line_1_25' title="bbox 96 3721 1211 3792; baseline 0 -16"><span class='ocrx_word' id='word_1_169' title='bbox 96 3721 155 3776; x_wconf 82' lang='grc'><strong>1034</strong></span> <span class='ocrx_word' id='word_1_170' title='bbox 171 3723 284 3780; x_wconf 75' lang='lat' dir='ltr'><strong>Servius</strong></span> <span class='ocrx_word' id='word_1_171' title='bbox 304 3726 343 3779; x_wconf 84' lang='lat' dir='ltr'><strong>ad</strong></span> <span class='ocrx_word' id='word_1_172' title='bbox 363 3723 434 3780; x_wconf 79' lang='lat' dir='ltr'><strong>AEn.</strong></span> <span class='ocrx_word' id='word_1_173' title='bbox 462 3723 554 3792; x_wconf 88' lang='lat' dir='ltr'><strong><em>VIII,</em></strong></span> <span class='ocrx_word' id='word_1_174' title='bbox 578 3727 648 3779; x_wconf 74' lang='lat'><strong>127:</strong></span> <span class='ocrx_word' id='word_1_175' title='bbox 676 3723 749 3778; x_wconf 83' lang='lat' dir='ltr'><strong>Sane</strong></span> <span class='ocrx_word' id='word_1_176' title='bbox 774 3730 882 3778; x_wconf 85' lang='lat' dir='ltr'><strong>veteres</strong></span> <span class='ocrx_word' id='word_1_177' title='bbox 910 3729 939 3778; x_wconf 88' lang='lat' dir='ltr'><strong>et</strong></span> <span class='ocrx_word' id='word_1_178' title='bbox 964 3740 1065 3792; x_wconf 87' lang='lat' dir='ltr'><strong>precor</strong></span> <span class='ocrx_word' id='word_1_179' title='bbox 1090 3723 1132 3775; x_wconf 92' lang='lat' dir='ltr'><strong>illi</strong></span> <span class='ocrx_word' id='word_1_180' title='bbox 1159 3740 1211 3792; x_wconf 88' lang='lat' dir='ltr'><strong>pro</strong></span> 
     </span>
     <span class='ocr_line' id='line_1_26' title="bbox 138 3807 1211 3880; baseline 0.001 -18"><span class='ocrx_word' id='word_1_181' title='bbox 138 3825 235 3876; x_wconf 85' lang='lat' dir='ltr'><strong>precor</strong></span> <span class='ocrx_word' id='word_1_182' title='bbox 255 3827 307 3880; x_wconf 85' lang='lat' dir='ltr'><strong>pro</strong></span> <span class='ocrx_word' id='word_1_183' title='bbox 329 3809 380 3864; x_wconf 91' lang='lat' dir='ltr'><strong>illo</strong></span> <span class='ocrx_word' id='word_1_184' title='bbox 403 3809 542 3864; x_wconf 84' lang='lat' dir='ltr'><strong>dicebant.</strong></span> <span class='ocrx_word' id='word_1_185' title='bbox 578 3809 693 3864; x_wconf 80' lang='lat' dir='ltr'><strong>Plautus</strong></span> <span class='ocrx_word' id='word_1_186' title='bbox 717 3811 747 3863; x_wconf 91' lang='lat' dir='ltr'><strong>in</strong></span> <span class='ocrx_word' id='word_1_187' title='bbox 765 3809 970 3879; x_wconf 88' lang='lat' dir='ltr'><strong>Amphitruone</strong></span> <span class='ocrx_word' id='word_1_188' title='bbox 988 3807 1072 3878; x_wconf 82' lang='lat' dir='ltr'><strong>„Noli</strong></span> <span class='ocrx_word' id='word_1_189' title='bbox 1088 3809 1211 3877; x_wconf 88' lang='lat' dir='ltr'><strong>pessimo</strong></span> 
     </span>
     <span class='ocr_line' id='line_1_27' title="bbox 139 3895 810 3966; baseline -0.001 -17"><span class='ocrx_word' id='word_1_190' title='bbox 139 3895 259 3961; x_wconf 59' lang='lat' dir='ltr'><strong>precam</strong></span> <span class='ocrx_word' id='word_1_191' title='bbox 276 3897 330 3951; x_wconf 90' lang='lat' dir='ltr'><strong>hoc</strong></span> <span class='ocrx_word' id='word_1_192' title='bbox 350 3899 393 3950; x_wconf 84' lang='lat' dir='ltr'><strong>est</strong></span> <span class='ocrx_word' id='word_1_193' title='bbox 409 3913 460 3966; x_wconf 87' lang='lat' dir='ltr'><strong>pro</strong></span> <span class='ocrx_word' id='word_1_194' title='bbox 478 3895 599 3964; x_wconf 84' lang='lat' dir='ltr'><strong>pessimo</strong></span> <span class='ocrx_word' id='word_1_195' title='bbox 618 3895 677 3948; x_wconf 90' lang='lat' dir='ltr'><strong>noli</strong></span> <span class='ocrx_word' id='word_1_196' title='bbox 695 3896 810 3964; x_wconf 84' lang='lat' dir='ltr'><strong>precari.</strong></span> 
     </span>
    </p>

    <p class='ocr_par' dir='ltr' id='par_1_14' title="bbox 97 3977 1210 4222">
     <span class='ocr_line' id='line_1_28' title="bbox 97 3977 1209 4050; baseline 0.004 -20"><span class='ocrx_word' id='word_1_197' title='bbox 97 3977 155 4031; x_wconf 82' lang='grc'><strong>1035</strong></span> <span class='ocrx_word' id='word_1_198' title='bbox 170 3981 281 4037; x_wconf 79' lang='lat' dir='ltr'><strong>Nom&#39;ua</strong></span> <span class='ocrx_word' id='word_1_199' title='bbox 292 3998 323 4050; x_wconf 79' lang='lat' dir='ltr'><strong>p.</strong></span> <span class='ocrx_word' id='word_1_200' title='bbox 341 3985 417 4035; x_wconf 74' lang='lat'><strong><em>233:</em></strong></span> <span class='ocrx_word' id='word_1_201' title='bbox 435 3981 537 4035; x_wconf 81' lang='lat' dir='ltr'><strong>Anima</strong></span> <span class='ocrx_word' id='word_1_202' title='bbox 554 3981 656 4033; x_wconf 86' lang='lat' dir='ltr'><strong>iterum</strong></span> <span class='ocrx_word' id='word_1_203' title='bbox 674 3979 814 4048; x_wconf 81' lang='lat' dir='ltr'><strong>significat</strong></span> <span class='ocrx_word' id='word_1_204' title='bbox 831 3977 1006 4034; x_wconf 75' lang='lat' dir='ltr'><strong>iracundiam</strong></span> <span class='ocrx_word' id='word_1_205' title='bbox 1020 3979 1065 4034; x_wconf 85' lang='lat' dir='ltr'><strong>vel</strong></span> <span class='ocrx_word' id='word_1_206' title='bbox 1079 3977 1209 4048; x_wconf 84' lang='lat' dir='ltr'><strong>furorem,</strong></span> 
     </span>
     <span class='ocr_line' id='line_1_29' title="bbox 139 4065 1210 4135; baseline 0.004 -19"><span class='ocrx_word' id='word_1_207' title='bbox 139 4067 208 4120; x_wconf 88' lang='lat' dir='ltr'><strong>unde</strong></span> <span class='ocrx_word' id='word_1_208' title='bbox 226 4071 255 4121; x_wconf 87' lang='lat' dir='ltr'><strong>et</strong></span> <span class='ocrx_word' id='word_1_209' title='bbox 273 4067 391 4122; x_wconf 81' lang='lat' dir='ltr'><strong>animosi</strong></span> <span class='ocrx_word' id='word_1_210' title='bbox 409 4067 540 4120; x_wconf 85' lang='lat' dir='ltr'><strong>dicuntur</strong></span> <span class='ocrx_word' id='word_1_211' title='bbox 557 4065 690 4120; x_wconf 88' lang='lat' dir='ltr'><strong>iracundi.</strong></span> <span class='ocrx_word' id='word_1_212' title='bbox 717 4065 833 4121; x_wconf 81' lang='lat' dir='ltr'><strong>Plautus</strong></span> <span class='ocrx_word' id='word_1_213' title='bbox 851 4065 1067 4135; x_wconf 89' lang='lat' dir='ltr'><strong>Amphitryone:</strong></span> <span class='ocrx_word' id='word_1_214' title='bbox 1087 4067 1210 4120; x_wconf 83' lang='lat' dir='ltr'><strong>animem</strong></span> 
     </span>
     <span class='ocr_line' id='line_1_30' title="bbox 140 4165 294 4222; baseline 0.032 -21"><span class='ocrx_word' id='word_1_215' title='bbox 140 4165 294 4222; x_wconf 79' lang='lat' dir='ltr'><strong>comprime.</strong></span> 
     </span>
    </p>

    <p class='ocr_par' dir='ltr' id='par_1_15' title="bbox 98 4231 1208 4393">
     <span class='ocr_line' id='line_1_31' title="bbox 98 4231 1208 4308; baseline 0.005 -21"><span class='ocrx_word' id='word_1_216' title='bbox 98 4231 155 4287; x_wconf 88' lang='grc'><strong>1033</strong></span> <span class='ocrx_word' id='word_1_217' title='bbox 171 4235 280 4292; x_wconf 78' lang='lat' dir='ltr'><strong>Noniae</strong></span> <span class='ocrx_word' id='word_1_218' title='bbox 291 4255 321 4307; x_wconf 81' lang='lat' dir='ltr'><strong>p.</strong></span> <span class='ocrx_word' id='word_1_219' title='bbox 342 4241 414 4293; x_wconf 77' lang='lat'><em>182:</em></span> <span class='ocrx_word' id='word_1_220' title='bbox 436 4239 570 4308; x_wconf 80' lang='lat' dir='ltr'><strong>Vulgnuit</strong></span> <span class='ocrx_word' id='word_1_221' title='bbox 591 4239 707 4293; x_wconf 84' lang='lat' dir='ltr'><strong>honeste</strong></span> <span class='ocrx_word' id='word_1_222' title='bbox 729 4239 867 4308; x_wconf 79' lang='lat' dir='ltr'><strong>positum,</strong></span> <span class='ocrx_word' id='word_1_223' title='bbox 890 4237 946 4290; x_wconf 87' lang='lat' dir='ltr'><strong>vile</strong></span> <span class='ocrx_word' id='word_1_224' title='bbox 967 4237 1066 4292; x_wconf 78' lang='lat' dir='ltr'><strong>habuit</strong></span> <span class='ocrx_word' id='word_1_225' title='bbox 1083 4242 1111 4290; x_wconf 88' lang='lat' dir='ltr'><strong>et</strong></span> <span class='ocrx_word' id='word_1_226' title='bbox 1129 4240 1208 4307; x_wconf 87' lang='lat' dir='ltr'><strong>quasi</strong></span> 
     </span>
     <span class='ocr_line' id='line_1_32' title="bbox 139 4320 1207 4393; baseline 0.001 -18"><span class='ocrx_word' id='word_1_227' title='bbox 139 4320 166 4374; x_wconf 92' lang='lat' dir='ltr'><strong>in</strong></span> <span class='ocrx_word' id='word_1_228' title='bbox 182 4325 279 4393; x_wconf 75' lang='lat' dir='ltr'><strong>vulgus</strong></span> <span class='ocrx_word' id='word_1_229' title='bbox 298 4324 384 4378; x_wconf 87' lang='lat' dir='ltr'><strong>dedit.</strong></span> <span class='ocrx_word' id='word_1_230' title='bbox 419 4324 534 4378; x_wconf 81' lang='lat' dir='ltr'><strong>Plautus</strong></span> <span class='ocrx_word' id='word_1_231' title='bbox 553 4324 770 4392; x_wconf 85' lang='lat' dir='ltr'><strong>Amphitryone:</strong></span> <span class='ocrx_word' id='word_1_232' title='bbox 795 4322 933 4391; x_wconf 79' lang='lat' dir='ltr'><strong>cuiusque</strong></span> <span class='ocrx_word' id='word_1_233' title='bbox 954 4339 999 4376; x_wconf 90' lang='lat' dir='ltr'><strong>me</strong></span> <span class='ocrx_word' id='word_1_234' title='bbox 1021 4323 1136 4376; x_wconf 82' lang='lat' dir='ltr'><strong>absente</strong></span> <span class='ocrx_word' id='word_1_235' title='bbox 1155 4329 1207 4377; x_wconf 89' lang='lat' dir='ltr'><strong>eto.</strong></span> 
     </span>
    </p>

    <p class='ocr_par' dir='ltr' id='par_1_16' title="bbox 99 4401 1208 4478">
     <span class='ocr_line' id='line_1_33' title="bbox 99 4401 1208 4478; baseline 0.009 -26"><span class='ocrx_word' id='word_1_236' title='bbox 99 4401 156 4456; x_wconf 81' lang='grc'><strong>1037</strong></span> <span class='ocrx_word' id='word_1_237' title='bbox 171 4425 208 4478; x_wconf 88' lang='lat' dir='ltr'><strong>sq.</strong></span> <span class='ocrx_word' id='word_1_238' title='bbox 226 4410 337 4464; x_wconf 77' lang='lat' dir='ltr'><strong>Nouius</strong></span> <span class='ocrx_word' id='word_1_239' title='bbox 349 4426 379 4478; x_wconf 77' lang='lat' dir='ltr'><strong>p.</strong></span> <span class='ocrx_word' id='word_1_240' title='bbox 399 4413 451 4464; x_wconf 74' lang='lat'><strong>44:</strong></span> <span class='ocrx_word' id='word_1_241' title='bbox 476 4409 577 4464; x_wconf 82' lang='lat' dir='ltr'><strong>Cei-riti</strong></span> <span class='ocrx_word' id='word_1_242' title='bbox 599 4414 627 4463; x_wconf 89' lang='lat' dir='ltr'><strong>et</strong></span> <span class='ocrx_word' id='word_1_243' title='bbox 648 4409 750 4463; x_wconf 85' lang='lat' dir='ltr'><strong>laruati</strong></span> <span class='ocrx_word' id='word_1_244' title='bbox 772 4408 922 4462; x_wconf 72' lang='lat' dir='ltr'><strong>malesani</strong></span> <span class='ocrx_word' id='word_1_245' title='bbox 941 4449 946 4460; x_wconf 88' lang='lat'><em>.</em></span> <span class='ocrx_word' id='word_1_246' title='bbox 962 4447 968 4460; x_wconf 88' lang='lat'>.</span> <span class='ocrx_word' id='word_1_247' title='bbox 985 4449 989 4459; x_wconf 95' lang='lat'><em>.</em></span> <span class='ocrx_word' id='word_1_248' title='bbox 1009 4407 1125 4461; x_wconf 69' lang='lat' dir='ltr'><strong>Plautus</strong></span> <span class='ocrx_word' id='word_1_249' title='bbox 1143 4411 1208 4462; x_wconf 89' lang='lat' dir='ltr'><strong>Am·</strong></span> 
     </span>
    </p>
   </div>
   <div class='ocr_carea' id='block_1_10' title="bbox 781 4513 1001 4564">
    <p class='ocr_par' dir='ltr' id='par_1_17' title="bbox 781 4513 1001 4564">
     <span class='ocr_line' id='line_1_34' title="bbox 781 4513 1001 4564; baseline 0.018 -4"><span class='ocrx_word' id='word_1_250' title='bbox 781 4531 786 4560; x_wconf 85' lang='grc' dir='ltr'>ι</span> <span class='ocrx_word' id='word_1_251' title='bbox 985 4513 1001 4564; x_wconf 80' lang='grc' dir='ltr'>ὅ</span> 
     </span>
    </p>
   </div>
   <div class='ocr_carea' id='block_1_11' title="bbox 0 0 1502 5054">
    <p class='ocr_par' dir='ltr' id='par_1_18' title="bbox 0 0 1502 5054">
     <span class='ocr_line' id='line_1_35' title="bbox 0 0 1502 5054; baseline 0 0"><span class='ocrx_word' id='word_1_252' title='bbox 0 0 1502 5054; x_wconf 95' lang='lat' dir='ltr'><strong> </strong></span> 
     </span>
    </p>
   </div>
  </div>
 </body>
</html>
