2956 5018
614 403 825 475 Prolegornena
1169 387 1174 400 ⁸
1222 415 1281 478 151

142 597 320 671 emendate,
342 597 497 656 interdum
518 617 553 658 ee
572 599 621 657 rel
642 601 899 677 apertissimos-um
916 601 1057 660 vitiorum
1078 603 1204 662 societas
1226 607 1281 678 est,

66 721 68 724 ·
141 701 185 756 ut
207 699 275 758 fere
295 700 375 760 idem
392 699 495 758 Plauti
516 705 683 774 contextus,
707 721 795 780 quem
816 703 903 764 nobis
925 703 1069 764 exhibent
1090 705 1183 764 codex
1195 704 1283 766 Pale·

141 800 400 862 tino-Vaticanus
423 805 589 882 ceterique,
613 806 702 864 etism
724 805 823 864 Nonio
851 804 1026 865 obversatus
1048 827 1114 866 asse
1135 807 1282 868 videmur.

682 1188 756 1270 m

182 1355 1257 1462 Dfflmffifflmmmmmmffimfflm

668 1533 771 1542 -—-—

241 1617 382 1678 criticam
410 1639 500 1696 quam
528 1620 631 1680 dicunt
656 1620 824 1681 fabularum
845 1621 945 1682 Plauti
972 1622 1128 1682 historiam
1149 1623 1284 1683 Riteche·

151 1717 214 1778 line
244 1721 276 1779 in
309 1721 569 1782 dissertationibus
596 1723 701 1782 Museo
727 1723 872 1784 Rhenano
905 1745 932 1784 a.
965 1726 1046 1784 1835
1080 1725 1118 1784 al.
1152 1727 1283 1800 insertis,

155 1841 230 1898 qnae
260 1827 367 1898 postea
398 1823 430 1881 in
457 1823 672 1900 opusculorum
705 1826 764 1884 vol.
787 1826 816 1884 II
842 1827 976 1904 repetiit,
1009 1827 1042 1885 in
1069 1825 1221 1904 Parergis,
1252 1828 1284 1888 in

156 1921 380 2001 Prolegomenis
401 1923 567 1984 Trinummi
594 1931 658 1985 tem
687 1933 824 1988 accurate
851 1933 883 1988 et
909 1929 1028 2006 copiose
1055 1929 1220 2002 enarravit,
1248 1933 1284 1988 ut

157 2023 217 2084 fere
247 2026 325 2085 nihil
353 2025 425 2084 addi
450 2029 555 2103 possit.
599 2027 693 2088 Nobis
720 2029 769 2087 vel
795 2029 959 2105 legentium
985 2032 1017 2088 in
1044 2049 1145 2104 nsum,
1173 2031 1222 2090 vel
1248 2034 1283 2090 ut

156 2133 291 2186 nostram
320 2129 353 2186 in
384 2129 565 2190 recensendo
598 2131 744 2190 rationem
777 2130 973 2209 explicemus,
1007 2151 1120 2192 summa
1151 2132 1284 2192 breviter

156 2247 331 2306 persumere
353 2230 452 2290 liceat.

237 2331 373 2391 Primum
405 2329 608 2392 confitendum
637 2337 696 2406 est,
728 2332 882 2393 Plautinas
916 2333 1048 2408 fabulas,
1083 2333 1186 2412 quales
1219 2335 1284 2412 ipse

155 2432 278 2494 Plautus
311 2435 479 2510 scripserit,
512 2435 632 2493 restitui
660 2455 720 2494 non
747 2455 852 2513 posse,
887 2437 998 2514 quippe
1028 2454 1102 2512 quas
1128 2455 1167 2494 ne
1188 2435 1283 2496 varro

155 2536 275 2614 qnidam
298 2536 387 2595 aliter
408 2535 535 2613 scriptas
556 2535 705 2609 habuerit,
728 2556 819 2612 quam
841 2536 879 2596 ab
900 2537 1096 2596 histrionibus
1119 2541 1282 2613 acceperet,

154 2641 206 2717 qni
233 2659 253 2697 a
285 2637 450 2697 maioribus
481 2638 607 2698 traditas
640 2641 730 2697 etism
761 2644 832 2715 post
857 2637 957 2698 Plauti
988 2643 1116 2698 mortam
1149 2643 1283 2713 egerant.

153 2741 254 2801 Aureo
288 2746 321 2799 et
352 2745 494 2817 argenteo
524 2739 694 2799 litterarum
727 2741 929 2800 Romanarum
961 2741 1078 2800 saeculis
1108 2739 1182 2799 XXI
1214 2741 1282 2813 illes,

154 2864 228 2922 quse
256 2843 354 2902 Varro
385 2847 568 2914 accreverat,
602 2841 710 2902 fabule
742 2843 832 2920 vulgo
859 2841 1049 2919 legebantur,
1077 2843 1196 2919 scriptas
1221 2841 1282 2902 illse

153 2945 277 3022 quidem
294 2965 329 3002 ee
344 2945 470 3016 ratione,
493 2963 554 3021 qua
574 2947 639 3002 tum
657 2943 821 3002 utebantur
838 2944 981 3017 homines,
999 2963 1061 3003 non
1077 2943 1167 3001 nullis
1182 2948 1284 3002 tamen

152 3048 266 3106 relictis
294 3045 472 3122 antiquioris
501 3046 593 3104 moris
620 3045 771 3122 vestigiis3
798 3065 854 3105 nec
881 3045 908 3103 si
935 3049 1007 3104 rota
1035 3044 1172 3103 iacienda
1204 3049 1282 3118 sunt,

152 3149 235 3208 ultre
261 3147 405 3225 progredi
432 3147 516 3219 licet,
551 3166 640 3222 qnam
670 3151 707 3204 ut
739 3147 822 3206 illam
854 3147 984 3225 speciem
1015 3146 1065 3205 vel
1093 3147 1284 3223 antiquorum

152 3250 335 3308 testimoniis
362 3249 412 3306 sel
439 3247 519 3307 felici
546 3249 719 3307 coniectura
746 3267 887 3308 revocare
915 3249 1083 3324 contingat3
1114 3245 1168 3306 sed
1194 3247 1284 3322 longe

154 3351 248 3411 abest.
293 3351 395 3427 Atque
422 3351 537 3409 utinam
564 3355 680 3408 enaret
706 3352 858 3426 integrum
889 3349 966 3408 illud
998 3349 1165 3425 exemplar,
1199 3349 1284 3409 cuius

153 3451 254 3512 lacera
274 3453 442 3528 fragments
463 3471 501 3509 ex
521 3450 721 3510 Ambrosiano
742 3451 845 3511 codice
862 3451 1063 3529 palimpsesto
1091 3455 1177 3508 eruta
1204 3454 1282 3523 eunt,

153 3559 189 3614 ut
209 3555 302 3613 talam
323 3553 430 3612 saltem
451 3553 615 3629 legeremus
635 3551 791 3625 Plautum,
814 3553 934 3630 qualem
955 3551 1074 3611 Servius
1096 3555 1127 3610 et
1147 3549 1284 3612 Donatus

153 3655 303 3734 legarant!
327 3659 498 3714 nostrorum
521 3653 655 3712 codicum
677 3653 743 3714 fons
765 3655 815 3712 rel
836 3653 1016 3730 archetypus
1038 3657 1070 3711 et
1092 3656 1181 3711 aetate
1208 3651 1283 3711 infe·

154 3759 217 3815 rior
244 3757 339 3816 fuisse
370 3752 525 3830 videtui-⁴¹)
558 3759 589 3814 et
618 3761 734 3815 mature
765 3775 887 3833 gravem
918 3754 1058 3813 iniuriam
1089 3773 1195 3832 pessus
1228 3758 1282 3814 ese

181 3936 207 4004 *)
227 3935 375 4004 Gulttcpio,
403 3952 486 4005 quem
512 3935 694 3989 Terentianae
720 3933 831 4002 fabulas
860 3933 1032 3988 recensuisse
1058 3937 1183 3999 constat,
1210 3932 1283 3988 hanc

224 4038 335 4090 quoque
355 4019 450 4074 Plauti
475 4021 667 4074 recensionem
689 4019 858 4074 Ritschelius
883 4018 1002 4088 (Proleg.
1021 4019 1098 4073 Trin.
1120 4036 1147 4088 p.
1165 4017 1209 4086 41)
1235 4018 1284 4072 tri·

223 4105 365 4161 beandam
390 4105 537 4173 censebat,
564 4106 630 4173 quis
655 4103 685 4158 in
710 4104 771 4159 cod.
796 4102 988 4160 Ottoboniano
1011 4105 1070 4158 eius
1090 4119 1197 4158 nomen
1219 4106 1284 4157 ente

160 4206 164 4213 ·
224 4194 365 4245 extremos
383 4188 492 4244 usaue
515 4194 545 4244 et
563 4188 727 4244 Cistellaria
748 4205 846 4244 versus
869 4189 986 4258 legitur;
1007 4189 1058 4244 sed
1079 4186 1184 4242 codicis
1209 4201 1284 4240 anno

227 4277 294 4330 1468
310 4275 409 4346 scripti
430 4275 509 4330 nulla
531 4273 686 4330 auctoritas
710 4278 765 4342 ast,
787 4289 841 4328 nec
862 4273 985 4330 dubitari
1001 4275 1111 4344 potest,
1129 4271 1197 4340 quin
1212 4267 1285 4324 illud
1331 4283 1333 4288 ·
