2956 5018
209 487 269 548 132
703 473 707 480 ยน
726 478 820 534 Plauti
1154 481 1189 550 V,
1199 483 1225 550 2,
1234 483 1362 539 ete-34

663 667 877 736 Parasitus

206 776 352 862 Sequere
374 777 439 842 hac
460 797 511 843 me
534 775 647 860 mod03
669 778 736 844 iam
754 776 830 843 faxo
847 777 955 861 ipsum
970 775 1136 843 hominem
1152 777 1355 848 mnufesto

926 885 1103 970 opprimas.

595 1023 597 1028 v
666 993 884 1058 Artemona

205 1100 297 1168 Nihil
320 1105 450 1168 ecastor
471 1107 522 1166 ost
545 1099 634 1184 quod
654 1098 765 1167 facore
786 1099 951 1166 mauelim.

665 1229 879 1296 Parasitus

951 1338 1137 1404 Manedum.

666 1445 884 1512 Artemona

1053 1601 1059 1611 ,
1154 1532 1243 1611 Quid
1265 1536 1352 1600 est?

666 1637 881 1704 Parasitus

207 1747 328 1829 Possis,
352 1748 381 1812 si
401 1746 488 1813 forte
510 1745 730 1812 adcubantem
751 1753 846 1812 tuum
866 1747 976 1812 uirum
997 1748 1206 1831 conspexeris

208 1856 291 1922 Cum
313 1875 436 1921 corona
456 1855 643 1938 amplexum
665 1855 816 1936 amicam,
838 1855 866 1920 si
887 1854 1014 1937 uideas,
1037 1856 1258 1940 cognoscere?
1287 1866 1352 1920 870

666 1984 882 2051 Artemone

206 2070 343 2138 Possum
366 2075 504 2136 ecastor.

668 2177 883 2244 Parasitus

515 2284 577 2351 Em
598 2285 660 2351 tibi
682 2285 855 2352 hominem.

667 2416 883 2482 Artemona

861 2522 958 2589 Perii.

666 2629 879 2697 Parasitus

969 2738 1140 2825 Paulisper
1160 2759 1275 2822 mane3

207 2846 415 2930 Aucupcmus
437 2867 478 2911 ex
499 2845 624 2910 insidiis
647 2844 844 2926 clanculum,
868 2866 967 2929 quarn
988 2867 1059 2912 rem
1081 2851 1209 2929 gerant.

649 2952 899 3039 Argyrippus

209 3059 295 3140 Quid
316 3061 413 3142 modi,
435 3066 540 3145 pater,
563 3060 781 3144 amplexando
803 3061 928 3127 facies?

640 3168 907 3234 Demaenetus

927 3276 1059 3357 Fateor,
1080 3282 1180 3361 gnate
1202 3277 1247 3342 mi
1270 3327 1308 3343 ..

209 3466 295 3546 Quid
317 3466 443 3534 fatere?
648 3383 899 3469 Argyrlppus

640 3575 911 3643 Demaenetus

457 3682 510 3748 Mo
533 3704 573 3748 ex
595 3704 706 3749 amore
728 3683 826 3750 hnus
849 3690 1040 3768 corruptum
1065 3684 1196 3770 oppido.

669 3813 881 3879 Parasitus

208 3897 317 3964 Audin
340 3897 420 3980 quid
441 3899 510 3964 ait?

668 4006 885 4072 Artemone

517 4112 634 4179 Audio.

278 4343 331 4395 867
347 4359 392 4396 me
410 4357 460 4398 om.
531 4346 581 4398 871
599 4344 672 4399 Hem
740 4348 791 4401 873
810 4345 988 4416 amplexandi
