2956 5018
34 508 41 524 ·
119 503 372 576 V,2,34-4o.50
638 509 776 566 Asinaria
1210 517 1272 579 133

573 699 841 767 Demaenetus

561 809 633 893 Ego
655 831 697 874 ne
720 815 758 876 ut
779 830 846 874 non
869 807 966 875 domo
988 809 1083 876 ux'ori
1105 829 1198 876 meae
1220 821 1278 880 878.

118 914 328 1000 Subripiam
355 916 391 982 in
419 915 545 983 deliciis
573 917 698 1002 pellam
726 938 826 1001 quom
847 915 949 983 hebet
971 923 1072 1001 atque
1094 917 1137 984 ed
1158 925 1193 985 ie
1215 919 1273 985 de·

860 1023 974 1106 iorem,

116 1130 204 1198 Non
232 1131 354 1216 edepol
377 1131 517 1199 conduci
538 1153 673 1215 possum
694 1134 766 1200 uita
787 1135 899 1200 uxoris
923 1153 1042 1200 annuo.

600 1241 812 1307 Parasitus

118 1347 269 1415 Censen
285 1355 323 1415 tu
340 1348 435 1414 illum
450 1346 549 1414 hodie
565 1349 708 1432 primum
724 1349 773 1416 ire
790 1349 963 1416 adsuetum
980 1371 1051 1417 esse
1066 1351 1100 1416 in
1111 1354 1273 1434 geneum?

602 1456 820 1524 Artemona

117 1565 192 1632 Ille
220 1571 359 1632 ecastor
380 1563 572 1649 suppilabat
593 1585 655 1645 me,
677 1565 766 1648 quod
788 1563 926 1630 ancillas
948 1585 1040 1630 meas

119 1673 340 1760 Suspicabar
362 1678 463 1758 atque
485 1673 624 1739 insontis
645 1673 784 1738 miseros
806 1671 1006 1740 eruciabam.

581 1781 832 1867 Argyrippus

1017 1866 1125 1946 Pater,
1220 1875 1273 1930 880

120 1976 218 2042 Iube
244 1975 318 2040 dari
339 1974 468 2055 uinum3
495 1974 562 2039 iem
584 1973 708 2040 dudum
729 1973 888 2040 factumst
908 1994 1009 2058 quom
1031 1975 1172 2058 primum
1192 1973 1272 2040 bibi.
1352 2015 1356 2024 ·

574 2081 845 2149 Demaenetus

123 2192 200 2273 Da,
222 2211 335 2276 puero,
357 2188 400 2255 ab
418 2209 559 2272 summ03
582 2209 653 2273 ogo,
670 2195 707 2256 tu
723 2188 857 2256 interibi
874 2189 917 2255 ob
933 2186 1058 2255 insumo
1075 2186 1119 2254 do
1135 2188 1272 2255 eeuium.

601 2299 819 2365 Artemona

126 2407 228 2476 Perii
249 2406 386 2486 misera3
408 2409 446 2471 ui
468 2406 638 2472 oseulatur
660 2403 825 2487 oornoiex‚
848 2404 959 2491 capuli
981 2404 1089 2472 docus.

575 2514 843 2580 Demaenetus

130 2621 269 2708 Edepol
292 2621 437 2688 animem
457 2622 645 2689 suouiorem
667 2621 839 2704 eliquanto
862 2641 962 2704 quam
983 2619 1095 2688 uxoris
1118 2637 1221 2685 meae.

579 2728 835 2794 Philaenium

133 2839 203 2905 Dio
226 2837 356 2918 amabo,
380 2857 423 2902 en
444 2836 549 2904 foetet
569 2838 682 2903 animo
702 2837 815 2904 uxoris
837 2835 938 2902 tuoe?

575 2943 845 3012 Demaenetus

946 3048 1109 3116 Nauteam
1221 3058 1274 3112 885

137 3160 262 3228 Bibere
284 3159 407 3241 malim,
424 3161 457 3225 'si
479 3179 651 3228 necessum
674 3161 727 3242 sit,
749 3181 848 3244 quam
870 3158 963 3224 illem
984 3155 1172 3223 oecularier.

582 3266 836 3333 Philaenium

138 3376 241 3444 Miser
263 3379 396 3442 ecastor
418 3395 464 3441 os.

601 3482 820 3548 Artemona

473 3589 614 3656 Ecastor
636 3589 754 3673 dignus
777 3595 836 3656 est.

581 3698 833 3782 Argyrippus

856 3803 943 3884 Quid
965 3803 1025 3884 eis,
1047 3804 1167 3887 peter?

140 3912 271 3998 Ecquid
293 3919 433 3979 matrem
454 3912 571 3978 ames?

575 4019 843 4088 Demaenetus

487 4127 601 4211 Egone
623 4129 736 4195 iilam?
759 4130 854 4195 Nune
876 4149 960 4210 amo,
983 4128 1061 4214 quio
1081 4149 1147 4194 non
1170 4128 1273 4195 adest.

208 4297 265 4352 880
290 4297 448 4352 omoiebem
522 4299 573 4351 881
603 4295 670 4351 dare
738 4300 790 4354 885
814 4299 914 4366 obitur
929 4303 1000 4366 poet
1021 4299 1085 4351 894.
1152 4293 1209 4353 ’888
1231 4301 1275 4352 eet

139 4385 262 4439 see-91
281 4383 409 4452 omnen
420 4389 490 4453 poet
506 4383 600 4437 seo.-
