2992 5054
579 512 755 580 Amphitruo.

561 703 777 767 Alcumena

615 810 689 875 Non
711 833 791 876 sum.

576 918 762 1004 Iuppiter

804 1027 893 1092 Bene
916 1027 1007 1092 faeie.
1180 1025 1232 1078 9³⁰

143 1136 229 1202 Nam
251 1137 286 1202 in
307 1136 475 1202 hominum
497 1143 607 1202 aetate
629 1134 734 1202 multu
756 1137 912 1201 eueniunt
933 1135 1028 1201 huius
1050 1133 1152 1200 modi:

144 1244 291 1329 Gapiunt
312 1244 508 1329 uoluptates,
532 1246 667 1330 capiunt
689 1267 819 1310 rursum
840 1245 1000 1324 miseriem

143 1353 218 1418 Irae
240 1355 475 1434 interueniunt,
498 1355 638 1426 redeunt
659 1375 789 1418 rursum
811 1354 844 1418 in
867 1353 1018 1434 gratiam.

142 1461 269 1528 Uerum
292 1463 361 1526 ireo
385 1463 498 1545 siquae
522 1463 606 1528 forte
630 1463 786 1528 eueniunt
808 1461 904 1526 huius
928 1461 1015 1528 modi

142 1571 239 1636 Inter
261 1591 326 1650 eoo,
349 1593 480 1636 rursum
502 1573 530 1636 ei
551 1575 725 1636 reuentum
747 1571 781 1634 in
803 1571 987 1653 gretiemst,
1180 1569 1232 1622 935

142 1679 203 1743 Bis
225 1685 318 1744 tanto
342 1679 438 1744 emiei
460 1684 537 1744 sunt
558 1679 645 1743 inter
666 1699 701 1743 se
724 1699 823 1760 quum
846 1679 944 1762 prius.

561 1787 775 1852 Alcumena

22 1893 24 1896 ’
141 1895 291 1962 Primum
314 1896 438 1961 canusso
461 1897 609 1980 oportuit
630 1917 672 1961 ne
695 1896 837 1975 dicerem

141 2004 267 2071 Uerum
292 2003 408 2069 eadem
429 2007 456 2068 si
478 2003 564 2068 idem
587 2004 667 2068 mihi
690 2023 820 2086 purgas,
842 2003 1003 2086 patiunda
1025 2009 1110 2067 sunt.

579 2111 763 2194 Iuppiter

140 2221 226 2289 Iube
249 2241 328 2287 uero
350 2241 431 2286 ueeu
452 2241 536 2305 pura
558 2219 713 2286 adornari
734 2219 824 2300 mihi,

141 2329 193 2396 Ut
214 2350 299 2412 quae
322 2328 411 2412 apud
432 2329 594 2410 legionem
617 2334 696 2393 uota
717 2329 804 2408 noui,
827 2328 854 2391 si
877 2319 1007 2392 domum
1180 2327 1232 2379 940

141 2437 315 2504 Rediseem
338 2436 458 2516 salum,
482 2457 521 2501 ee
544 2457 604 2518 ego
628 2436 796 2501 exsoluam
819 2435 937 2500 omnia.

356 2525 362 2536 ’
561 2545 779 2610 Alcumena

142 2653 217 2736 Eg'o
239 2653 325 2718 istuc
349 2654 480 2719 ourabo.

579 2760 764 2844 Iuppiter

398 2879 400 2884 ’
485 2869 631 2934 Euooete
654 2870 718 2934 huo
740 2868 881 2949 Sosiem3

143 2980 418 3058 Gubernatorem,
441 2979 553 3060 quiin
576 2999 648 3042 men
670 2977 747 3042 naui
769 2975 785 3040 f
808 2979 839 3056 i,

143 3087 388 3172 Blepharonem
410 3093 562 3164 arcessat,
587 3087 643 3168 qui
664 3085 833 3151 nobiseum
855 3085 1025 3170 prandeat.

143 3197 179 3260 Ie
202 3196 284 3261 adeo
307 3196 482 3279 inpransus
504 3194 737 3274 ludificabitur,
1182 3191 1233 3244 945

145 3305 254 3383 Quom
276 3323 336 3384 ego
360 3303 631 3386 Amphitruonem
654 3300 739 3366 eollo
762 3301 838 3366 hino
861 3301 1020 3366 obstricto
1042 3299 1181 3366 traham.

561 3409 779 3475 Alcumena

141 3521 265 3588 Mirum
288 3519 367 3602 quid
389 3519 477 3584 eolus
499 3539 611 3584 seeum
634 3523 762 3586 secreto
784 3519 841 3584 ille
864 3526 950 3602 egat.

141 3629 252 3712 Atque
269 3629 468 3713 ¹aperiuntur
490 3627 604 3708 aedem
628 3627 694 3692 exit
717 3627 821 3692 Sosin.
