2956 5018
244 509 285 569 94
761 501 853 556 Plauti
1181 497 1377 569 naas—au

601 735 610 752 .
717 692 897 757 Leonida

246 802 311 868 Sed
328 801 406 886 quid
423 821 482 883 ego
499 798 552 864 hie
569 821 750 884 properans
769 821 924 866 concesso
940 799 1081 884 pedibus
1097 798 1209 881 lingua
1224 798 1376 882 largior?

245 911 328 990 Quin
352 931 411 994 ego
434 909 518 974 hanc
539 909 638 975 iubeo
660 914 780 990 tacere,
803 930 888 994 quae
910 907 1048 992 loquens
1070 908 1197 972 lacerat
1219 907 1331 972 diem?

719 1037 895 1104 Libanus

244 1148 373 1232 Edepol
394 1147 558 1212 homiuem
580 1145 752 1228 infelicem,
776 1149 832 1229 qui
854 1153 1029 1231 patronam
1052 1143 1251 1230 conprimat!
1323 1151 1376 1203 290

245 1257 329 1322 Nam
352 1254 459 1340 siquid
482 1255 620 1320 sceleste
642 1253 730 1336 fecit,
752 1256 864 1339 lingua
887 1277 946 1338 pro
969 1254 1026 1320 illo
1049 1255 1204 1338 perierat.

718 1385 898 1452 Leonida

245 1494 491 1580 Adpropcrabo‚
515 1515 556 1559 ne
578 1500 653 1578 post
675 1501 803 1579 tempus
827 1495 970 1578 praedae
993 1493 1193 1578 praesidium
1216 1514 1341 1576 parem.

722 1626 898 1692 Libanus

247 1733 337 1812 Quae
358 1733 456 1798 illaec
482 1733 658 1816 praedast?
686 1734 739 1798 ibo
768 1734 945 1799 aduersum
972 1740 1072 1818 atque
1100 1733 1250 1800 electabo
1280 1733 1378 1818 quid-

965 1842 1043 1926 quid
1065 1850 1127 1919 est.

247 1950 348 2016 Iubeo
371 1956 404 2014 te
427 1950 555 2016 saluere
577 1970 658 2015 uoce
680 1970 814 2029 summa,
837 1949 945 2033 quoad
968 1951 1055 2014 uires
1077 1949 1199 2014 ualent.

721 2079 901 2145 Leonida

248 2188 459 2274 Gymnasium
481 2185 585 2271 flagri,
609 2187 747 2254 aulneto.

721 2312 900 2377 Libanus

761 2419 846 2497 Quid
869 2422 947 2502 agis,
971 2427 1080 2486 custos
1104 2420 1268 2486 carceris?
1327 2429 1380 2481 295

722 2548 901 2617 Leonida
937 2563 939 2568 ’
993 2628 995 2635 Ι

250 2636 489 2701 Ocatenarum
511 2633 636 2699 colone.
717 2681 722 2690 .

628 2729 631 2735 ’
724 2741 902 2810 Libanus

651 2848 678 2912 Ο
700 2851 868 2933 uirgarum
890 2853 1038 2917 lasciuia.

722 2958 904 3024 Leonida
1029 2993 1034 2996 ·

251 3065 339 3144 Quot
360 3065 469 3151 pondo
492 3071 525 3130 te
548 3086 618 3130 esse
642 3087 754 3131 censes
776 3068 920 3133 nudum?

729 3174 902 3241 Libanus

930 3283 1002 3348 Non
1025 3283 1144 3365 edepol
1165 3284 1243 3350 scio.

725 3388 906 3454 Leonida

252 3497 384 3564 Scibam
406 3517 465 3579 ego
488 3502 522 3560 te
543 3497 687 3578 nescire3
711 3502 747 3562 at
768 3497 823 3580 pol
847 3518 906 3579 ego
931 3499 985 3580 qui
1007 3504 1041 3563 te
1064 3498 1205 3580 expendi
1228 3499 1306 3562 scio.

157 3611 160 3617 '
252 3605 366 3671 Nudus
388 3605 518 3670 uinctus
542 3610 673 3670 centum
695 3605 839 3688 pondos,
863 3605 993 3688 quando
1016 3605 1139 3690 pendes
1162 3625 1221 3689 per
1242 3605 1356 3689 pedes.

727 3712 904 3777 Libanus

253 3820 324 3898 Quo
348 3823 539 3902 argumento
561 3819 667 3885 istuc?

728 3927 907 3994 Leonida

378 4017 379 4021 ¹
511 4035 581 4118 Ego
605 4035 722 4117 dicam,
746 4058 812 4120 quo
835 4043 1028 4118 argumento
1052 4043 1085 4102 et
1107 4058 1172 4122 quo
1195 4037 1300 4103 modo.
1329 4046 1381 4099 300

253 4142 305 4208 Ad
326 4142 427 4226 pedes
449 4143 580 4227 quando
603 4143 816 4225 adligatumst
839 4165 978 4228 aequom
1001 4144 1299 4230 centumpondium,

324 4375 373 4428 501
393 4373 532 4444 adligatus
550 4380 593 4429 est
