2968 5030
572 513 604 568 v.
623 515 769 570 ers-esa.
1171 520 1235 582 435

99 707 256 767 molestam
286 708 399 784 abigat.
427 739 469 748 -
496 707 655 768 Proximus
683 668 786 767 versus
811 703 901 780 (931)
929 707 979 766 vix
1000 707 1159 767 Plautinus
1182 713 1236 767 est.

98 809 226 868 Numeri
249 810 418 888 explentur,
442 809 495 868 sed
516 806 604 871 inlus
625 829 682 888 pro
703 806 818 883 „inlro“
839 809 976 868 eoloeeum
995 814 1050 884 est,
1068 830 1096 868 v.
1110 809 1235 882 Quintil.

99 912 121 984 1,
147 915 177 988 5,
198 914 250 972 50.
284 911 360 970 Tum
382 913 598 979 sententiarum
620 931 714 970 nexus
736 911 946 970 vitiosissimus
969 915 1025 969 est.
1059 911 1238 972 Philaenium

97 1013 159 1072 iam
183 1035 213 1073 v.
239 1016 301 1074 930
332 1015 417 1092 quasi
445 1014 604 1075 abeuntem
632 1033 730 1072 senem
758 1013 875 1071 monuit
904 1012 941 1071 de
969 1013 1068 1089 palla,
1096 1019 1132 1071 ut
1158 1033 1237 1073 nuno
1345 1005 1351 1018 '

99 1136 167 1174 eum
187 1116 228 1175 ad
247 1115 479 1194 assequendum
495 1119 624 1176 invitare
642 1134 702 1174 non
718 1116 821 1193 possit.
856 1114 941 1187 Quod
960 1115 985 1173 si
1003 1115 1158 1188 voluisset,
1177 1135 1237 1175 non

98 1219 186 1294 sequi
210 1217 264 1276 aed
286 1237 406 1276 manere
429 1238 494 1276 eum
519 1219 663 1278 iussisset.
708 1217 784 1290 Neo,
808 1219 833 1276 ei
856 1217 917 1276 tele
942 1217 1014 1294 quid
1036 1217 1187 1290 iussisset,
1211 1219 1237 1276 is

97 1318 269 1378 Demaeneti
296 1320 411 1378 animus
434 1325 488 1393 est,
512 1325 547 1378 ul
568 1339 599 1379 se
622 1325 792 1380 secuturum
816 1319 905 1378 dicat.
950 1319 1048 1391 Quare
1070 1317 1116 1376 Pl.
1139 1323 1237 1378 trane·

98 1423 210 1499 positis
245 1421 363 1481 duobus
394 1423 532 1481 versibus
565 1424 608 1481 sie
642 1423 704 1480 ed.:
743 1421 848 1494 „ART.
880 1420 895 1479 Ι
924 1421 1054 1480 domum.
1099 1420 1162 1480 PH.
1190 1421 1238 1480 Da

99 1525 220 1582 saulum
243 1525 334 1582 etiam
356 1525 440 1601 prius
459 1545 546 1602 quam
565 1524 639 1583 ubis.
668 1522 731 1582 DE.
754 1519 840 1597 [Ab]i
858 1525 889 1581 in
906 1543 1032 1582 crucem.
1062 1521 1125 1581 PH.
1143 1524 1237 1582 Immo

97 1627 205 1702 potius
228 1625 323 1684 intro:
348 1645 472 1703 sequere
495 1626 564 1700 heo,
587 1627 627 1684 mi
651 1629 757 1685 anime.
792 1624 884 1684 ABG.
913 1624 979 1699 Ego
1001 1643 1074 1683 uero
1097 1623 1235 1702 sequor“.

99 1727 165 1799 Quo
195 1727 272 1787 mihi
301 1728 420 1806 quidem
448 1728 533 1787 uleus
561 1729 728 1801 obtectum,
763 1747 822 1786 non
850 1732 990 1786 sanatum
1017 1725 1152 1798 videtur-3
1183 1745 1237 1803 ego

98 1849 125 1888 v.
152 1831 215 1888 931
246 1848 302 1906 pro
331 1832 435 1908 spurio
458 1829 564 1891 haheo.
592 1861 634 1870 —
664 1832 735 1890 932.
766 1824 835 1888 abis
863 1829 934 1886 olim
966 1828 1165 1886 emendatum.
1193 1859 1238 1870 -·

99 1925 177 1992 Iin
201 1946 323 1992 mrem
345 1951 411 1990 eum
433 1931 519 1990 hiatu
541 1932 710 2008 legendum,
733 1951 762 1990 v.
786 1932 902 2006 Proleg.
926 1951 956 2008 p.
982 1932 1053 1989 220.
1088 1929 1133 1988 Pl.
1161 1929 1237 2003 „Abi

98 2035 128 2092 in
156 2031 309 2094 erucem“.

188 2341 260 2400 933.
285 2305 431 2399 Ridiculae
454 2338 561 2398 fabulae
584 2337 729 2398 ridiculus
757 2339 855 2397 exitus
877 2344 937 2411 est,
961 2344 991 2396 et
1014 2338 1157 2411 ridicula,
1183 2359 1236 2396 our

99 2447 287 2521 spectatores
320 2441 479 2523 plaudant,
515 2461 604 2500 eausa
636 2440 760 2500 affertur
792 2442 830 2500 ab
864 2461 912 2512 eo,
960 2442 1012 2518 qui
1051 2459 1107 2517 pro
1145 2457 1236 2517 grege

98 2543 280 2602 histrionum
319 2542 412 2602 verba
449 2544 529 2603 facit.
585 2542 658 2614 Vos,
693 2543 805 2620 inquit,
840 2543 902 2601 lere
936 2563 1037 2601 omnes
1070 2541 1236 2600 Demaeneti

99 2647 213 2705 similes
237 2647 317 2720 estis,
341 2665 435 2723 quare
457 2645 591 2703 misereri
613 2647 677 2703 eius
699 2665 754 2704 vos
777 2644 871 2704 decet.
918 2645 1023 2721 Itaque
1046 2645 1071 2703 si
1093 2643 1237 2721 vapulare

99 2768 168 2808 sum
203 2765 266 2822 non¹
295 2748 402 2822 vultis,
437 2747 587 2824 plaudite,
621 2752 657 2804 ut
683 2746 814 2820 gaudeat
841 2749 941 2824 gregis
970 2746 1110 2819 domiuus
1138 2766 1236 2824 neque

99 2850 209 2909 histrio
236 2850 368 2928 vapulet.
396 2881 440 2890 -
466 2845 563 2924 uolup
585 2847 770 2908 Camerarius
800 2869 871 2922 em,
901 2849 937 2908 el.
959 2849 1068 2932 Amph.
1094 2851 1164 2908 951.
1194 2879 1237 2890 --

100 2954 173 3012 936.
191 2951 252 3010 Pro
273 2948 427 3029 ‚‚quaque“
448 2951 564 3028 priores
575 2971 611 3009 ex
623 2951 708 3011 codd.
727 2951 800 3010 dett.
824 2949 1041 3028 „quidquam“;
1066 2953 1176 3010 rectius
1188 2950 1234 3010 Fl.

98 3049 155 3114 arbi
177 3051 323 3132 quicque,
347 3035 515 3130 clshmph.
542 3055 639 3126 1064;
674 3050 892 3131 „quaecunque“
923 3055 1023 3131 inquit
1047 3053 1181 3126 „occasio
1204 3072 1237 3111 so

100 3153 280 3216 obtulerit“.
297 3186 341 3197 -
358 3159 429 3216 937.
447 3155 525 3214 Ante
546 3151 653 3230 „huie“
677 3154 776 3214 hiatus
799 3157 831 3213 in
853 3174 976 3214 eaesurs.
1010 3155 1120 3213 Milller
1140 3151 1233 3228 „n0s“

99 3258 240 3332 addebat,
264 3259 350 3316 male.
369 3287 412 3299 —
431 3260 502 3317 938.
527 3256 654 3316 alterum
678 3252 709 3314 si
732 3257 928 3316 omittendum
953 3277 1025 3329 esse,
1041 3256 1121 3346 *olim
1144 3255 1235 3314 intel·

98 3361 210 3420 lectum
232 3364 287 3418 est.
