2956 5018
229 497 291 560 134
744 483 853 554 Plauti
935 493 970 562 V,
980 497 1005 564 2,
1015 495 1126 552 tl-Ai.
1135 496 1249 558 4ἵ-49,
1258 497 1352 552 54-61

665 682 920 768 Argyrippus

217 789 321 876 Quid,
343 813 444 877 quom
466 787 585 856 adest?

657 899 925 966 Demaenetus

585 1008 715 1075 Perisse
739 1008 845 1092 oupio.

686 1117 897 1182 Parasitus

729 1224 828 1288 Amat
850 1223 948 1312 homo
970 1223 1025 1290 hie
1047 1229 1091 1305 te,
1113 1229 1152 1290 ut
1172 1222 1351 1308 praedicat.

684 1331 903 1398 Artemona

225 1437 275 1504 Ne
297 1436 357 1503 illa
378 1445 508 1505 ecastor
528 1437 699 1506 faenerato
721 1440 882 1520 funditat;
904 1460 981 1504 nam
1003 1440 1031 1504 si
1053 1437 1187 1506 domum
1307 1449 1357 1504 890

224 1545 375 1612 Redierit
395 1547 503 1628 hodie,
526 1546 705 1614 osculando
729 1569 790 1631 ego
812 1548 955 1614 uloisoar
976 1547 1204 1632 potissumum.

225 1653 290 1719 Ain
310 1654 467 1721 tandem?
488 1655 617 1740 Edepol
638 1677 680 1720 ne
702 1661 740 1720 tu
762 1656 848 1721 istuo
872 1675 947 1722 oum
968 1654 1055 1721 malo
1077 1675 1197 1738 magno
1220 1661 1278 1720 tuo

225 1761 346 1828 Dixisti
367 1763 401 1828 in
423 1785 485 1829 me.
519 1764 611 1846 Sine;
632 1765 750 1829 uenias
772 1762 870 1829 modo
894 1762 1036 1844 domum,
1059 1760 1135 1827 faxo
1157 1767 1196 1827 ut
1219 1763 1307 1828 soias

227 1869 313 1949 Quid
333 1871 450 1954 pericli
472 1871 515 1938 sit
537 1870 673 1937 dotatae
695 1871 791 1936 uxori
812 1871 931 1937 uitium
952 1869 1072 1936 dicere.

636 2001 641 2012 ·
666 1979 916 2064 Argyrippus

230 2085 317 2165 lace,
339 2092 443 2170 pater,
465 2087 560 2166 talos,
582 2091 621 2152 ut
640 2107 740 2170 porro
763 2108 822 2152 nos
844 2087 1011 2153 iaciamus.

658 2194 928 2262 Demaenetus

1017 2303 1181 2370 Maxume.
1306 2311 1357 2367 895

225 2407 286 2490 Te,
315 2407 534 2491 Philaenium,
562 2409 641 2476 mihi
669 2416 769 2496 atque
797 2410 892 2476 uxori
919 2415 1068 2477 mortem.
1089 2447 1134 2458 -·-
1155 2411 1228 2478 Hoe
1250 2409 1356 2478 Uene·

945 2519 1074 2585 riumst.

226 2623 334 2706 Pueri,
356 2624 505 2708 plaudite
527 2633 561 2691 ot
582 2625 664 2690 mihi
685 2623 728 2691 ob
749 2625 874 2691 iactum
896 2625 1056 2693 cantharo
1079 2625 1222 2692 mulsum
1244 2625 1333 2692 date.

686 2733 901 2799 Artemona

228 2815 302 2880 Non
324 2836 409 2901 queo
433 2816 562 2884 durare.

685 2926 899 2992 Parasitus

587 3033 622 3098 Si
643 3054 711 3098 non
733 3034 879 3100 didicisti
900 3032 1081 3116 fulloniam

225 3131 302 3206 Non
323 3139 549 3206 mirandumst.
583 3140 622 3207 In
644 3142 757 3208 oeulos
779 3142 893 3208 inuadi
914 3163 1002 3210 nuno
1025 3150 1076 3210 est
1098 3149 1276 3226 optumum.

683 3247 903 3314 Artemona

225 3353 297 3438 Ego
319 3353 376 3439 pol
396 3355 508 3421 uiuam
530 3363 563 3423 et
584 3363 622 3423 tu
643 3357 747 3422 istaec
768 3356 866 3422 hodie
889 3378 965 3423 eum
982 3362 1040 3424 tuo
1057 3377 1176 3440 magno
1193 3357 1280 3425 malo
1305 3367 1356 3422 900

225 3461 404 3529 lnuooasti

683 3571 895 3639 Parasitus

412 3677 534 3763 Ecquis
556 3679 660 3745 ourrit
681 3681 889 3763 pollictorem
912 3681 1103 3747 arcessere?

227 3869 343 3952 Mater,
366 3871 468 3938 salue.
665 3787 918 3872 Argynppus

684 3980 903 4048 Artemona

475 4086 535 4154 Sat
555 4087 682 4154 salutis.

228 4201 433 4241 -÷——

292 4279 345 4331 890
362 4276 410 4331 ille
467 4278 587 4334 aaa-m
604 4281 812 4351 kffimtwfflost
829 4281 894 4336 887.
953 4281 1005 4335 896
1021 4281 1162 4336 iaceamus
1220 4279 1354 4336 Possem

225 4369 387 4432 reparatur
403 4364 540 4419 886-87.
602 4367 654 4419 900
671 4365 728 4420 tuis
745 4367 807 4420 hoeo
867 4367 917 4421 901
935 4364 976 4422 Et
993 4366 1056 4434 quis
