2992 5054
100 515 145 580 IV,
159 515 300 581 1‚5-2‚5
577 514 755 584 Amphitruo.
1192 521 1233 580 63

101 701 179 768 Sum
202 693 351 768 defessus
373 703 607 787 quaeritend03
630 723 792 786 nusquam
814 704 946 768 inuenio
969 703 1177 768 Naucratem.

100 812 193 877 Nunc
223 811 359 877 domum
387 811 441 876 ibo
471 817 571 895 atque
601 831 640 876 ex
668 831 771 876 uxore
799 809 883 876 hene
910 833 981 876 rem
1013 831 1147 894 pergem
1180 833 1235 876 ex-

825 920 964 1002 quirere,

100 1029 178 1107 Quis
198 1026 318 1108 fuerit,
342 1047 438 1109 quem
459 1033 595 1110 propier
617 1047 736 1112 eorpus
759 1047 853 1092 suum
882 1028 988 1112 stupri
1014 1027 1234 1110 eonpleuerit;

99 1136 184 1201 Nam
212 1157 267 1201 me
298 1155 397 1219 quem
423 1133 515 1200 illam
543 1136 770 1220 quaestionem
797 1137 988 1220 inquisitam
1015 1134 1112 1201 hodie
1141 1137 1235 1202 amit-

823 1250 893 1308 tere
1168 1245 1235 1297 1010

100 1354 267 1419 Mortuum
290 1353 418 1418 satiust.
452 1351 517 1418 Sed
539 1351 632 1417 aedis
656 1350 873 1417 occluserunt.
907 1351 1080 1435 Eugepee!

99 1462 229 1527 Pariter
252 1461 319 1528 hoe
342 1459 379 1526 fit
400 1466 499 1545 atque
521 1465 559 1524 ut
581 1460 647 1525 elie
668 1458 760 1524 fruta
782 1465 868 1524 sunt.
901 1460 1032 1526 Feriam
1054 1458 1144 1526 ioris.

100 1571 234 1653 Aperite
253 1569 333 1634 hoc!
356 1568 448 1650 hem,
466 1567 578 1650 eequis
595 1567 649 1632 hie
669 1568 740 1632 est?
763 1569 874 1652 eequis
890 1568 953 1634 hou
970 1569 1077 1668 aperit
1094 1569 1236 1634 ostium?

389 1907 647 2023 uuuuumus.
691 1953 954 2022 AMPHITRUO.

560 2111 788 2176 Mercurius

104 2219 184 2299 Quis
207 2217 356 2285 adforis
379 2219 452 2284 est?

527 2351 530 2356 ’
556 2326 794 2411 Amphitruo

469 2435 538 2517 Ego
562 2457 642 2501 sum.

562 2567 787 2632 Mercurius

645 2675 754 2753 Quid?
778 2695 837 2756 ego
861 2673 956 2739 sum?

521 2837 523 2845 v
555 2804 794 2889 Amphitruo
829 2769 832 2776 ¹

931 2888 984 2954 lta
1006 2889 1132 2971 loquor.

563 2998 788 3065 Mercurius

995 3082 1069 3148 Tibi
1091 3080 1240 3166 Iuppiter

108 3190 213 3276 Dique
237 3212 350 3258 omnes
372 3193 451 3259 irati
474 3199 563 3258 certo
587 3199 673 3274 sunt,
696 3194 752 3276 qui
774 3193 823 3257 eie
845 3190 979 3275 frangas
1001 3190 1090 3256 forie.
1173 3198 1240 3251 1015

557 3323 796 3410 Amphitruo

110 3407 179 3487 Quo
201 3407 326 3474 modo?

563 3517 790 3583 Mercurius
869 3525 873 3534 '

337 3623 386 3688 Eo
408 3623 515 3704 modo,
538 3629 577 3688 ut
598 3625 747 3709 profecto
770 3625 866 3690 uiuae
889 3629 1033 3690 aetutem
1056 3623 1163 3687 miser.

555 3755 796 3839 Amphitruo

112 3837 215 3906 Sosia.

563 3949 788 4014 Mercurius

227 4056 294 4135 Ita3
318 4077 389 4121 sum
413 4056 516 4137 Sosia,
539 4057 675 4122 nisime
698 4077 769 4122 esse
793 4055 931 4122 oblitum
953 4057 1141 4123 existumas.

114 4161 196 4240 Quid
218 4185 306 4229 nunc
328 4165 401 4230 uis?

244 4269 246 4274 ⁴
558 4273 797 4358 Amphitruo

341 4379 495 4464 Seelente,
518 4386 555 4446 at
577 4383 677 4447 etiam
700 4381 778 4465 quid
800 4381 908 4462 uelim,
929 4382 964 4446 id
987 4388 1024 4447 tu
1045 4403 1097 4448 me
1119 4382 1242 4466 rogas?
