2960 5038
706 401 884 472 Amphitruo.

641 647 900 714 Argumentum
921 647 951 705 Ι.

319 803 347 860 2.
371 795 462 862 Dum
483 801 556 858 miro
580 819 645 860 oum
674 801 860 860 coniunctivo
891 797 1039 878 iungitur,
1070 820 1163 879 quare
1184 799 1381 858 Fleckeisen
1452 809 1453 868 l

234 919 325 980 quom
348 905 477 980 scripsit.
523 902 581 962 Sed
608 905 640 960 in
668 904 848 979 argumentis
875 904 971 962 multa
998 905 1193 962 inveniuntur
1219 903 1267 960 vel
1306 923 1380 960 ser·
1452 893 1453 916 i

232 1007 328 1066 monis
350 1006 398 1064 rel
420 1025 611 1064 numerorum
633 1007 708 1062 vitia
730 1007 846 1063 auctori
867 1007 968 1084 potius
991 1025 1080 1082 quam
1108 1005 1238 1064 librariis
1262 1007 1377 1083 impu·
1452 993 1453 1086 l

232 1108 333 1166 tande.
346 1137 390 1147 -
403 1101 550 1166 Teleboas
572 1107 609 1165 ab
627 1106 844 1185 Amphitryone
865 1109 962 1166 victos
984 1112 1198 1168 commemoret
1213 1108 1377 1166 Herodot.

233 1209 268 1284 V,
294 1211 343 1268 59.
377 1208 476 1268 Strub.
499 1209 542 1282 X,
568 1213 601 1283 2,
628 1211 681 1283 14,
711 1211 762 1286 qui
791 1209 909 1268 eosdem
933 1210 1064 1288 Taphios
1095 1216 1126 1269 et
1153 1209 1374 1288 Cephallenios

233 1314 351 1373 habitos
374 1333 438 1371 esse
461 1313 542 1372 dicit.
578 1312 716 1370 Ceterum
739 1311 845 1370 cod.B
868 1313 954 1370 initio
978 1317 1151 1371 constanter
1171 1309 1371 1386 „thelebois“
1452 1313 1453 1340 ³

234 1421 286 1475 aut
316 1412 490 1488 „telebois“‚
514 1414 583 1472 inde
606 1435 623 1472 e
645 1435 672 1472 v.
697 1415 759 1472 410
788 1414 905 1472 demum
937 1413 1104 1487 „teleboss“
1136 1414 1241 1486 hebet;
1270 1434 1371 1492 quem

233 1519 358 1578 sormam
380 1538 472 1596 quum
495 1518 607 1595 ubique
629 1517 863 1588 restitueremus,
888 1537 924 1574 ne
946 1519 1122 1576 varietatem
1146 1516 1264 1595 quidem
1288 1517 1371 1574 sori-
1452 1511 1453 1546 ³

233 1621 323 1681 bendi
345 1625 450 1680 notare
467 1620 623 1678 voluimus.
635 1649 679 1660 -
697 1620 724 1677 3.
743 1613 918 1679 Alcumena
940 1621 1064 1698 antique
1085 1625 1116 1679 et
1138 1640 1208 1678 vere
1218 1620 1370 1680 Plautina

233 1725 361 1784 nominis
389 1723 486 1782 forma
512 1727 573 1793 est3
601 1722 784 1798 posteriores
812 1721 930 1780 demum
958 1724 1067 1781 emisse
1093 1723 1190 1780 vocali
1219 1723 1369 1781 additicie

233 1827 366 1888 Graecem
394 1826 519 1884 formam
547 1824 744 1894 reduxerunt,
775 1826 852 1880 sicut
873 1823 966 1882 Iulius
990 1824 1086 1882 Cesar
1108 1824 1233 1897 Strabo,
1261 1829 1296 1883 nt
1321 1827 1366 1882 ait

232 1929 347 1990 Marius
370 1927 540 1988 Victorinus
561 1925 590 1999 Ι,
613 1945 643 2002 p.
668 1925 750 1983 2456
773 1925 822 1998 P.,
851 1927 981 2003 „primus
1004 1927 1040 1983 de
1063 1927 1218 1986 Tecmessa
1239 1929 1366 2005 scripsit

232 2031 408 2107 tregoediam
431 2048 514 2088 suam
538 2029 619 2086 etin
642 2047 729 2086 socna
750 2030 938 2106 pronuntiari
967 2026 1084 2086 iussit“.
1129 2029 1213 2087 Hunc
1235 2030 1362 2088 formem

234 2135 365 2196 editores
392 2133 441 2191 hio
468 2137 547 2189 etv.
572 2132 589 2188 5
612 2149 716 2188 versus
744 2150 832 2188 censa
859 2131 1071 2209 praetulerunt;
1101 2131 1153 2188 sed
1181 2134 1249 2209 quis
1276 2133 1361 2203 sciat,

234 2257 272 2296 an
295 2237 461 2314 argumenti
484 2235 613 2310 scriptor
634 2233 761 2310 primam
783 2235 909 2291 nominis
932 2233 1077 2309 syllabam
1100 2233 1299 2312 corripuerit?
1317 2265 1361 2274 -

233 2335 414 2400 waramum
435 2337 495 2396 vid.
518 2356 546 2394 v.
569 2337 641 2393 494.
664 2365 707 2375 —
730 2337 759 2393 7.
782 2331 866 2396 dolis
888 2337 965 2394 male
988 2356 1025 2394 ex
1046 2357 1073 2393 v.
1099 2339 1116 2394 5
1140 2335 1279 2396 librarius
1308 2337 1361 2395 sd-

234 2442 344 2500 didisse
365 2440 500 2511 videtum
524 2438 645 2496 sustulit
661 2437 749 2496 Both.
767 2437 893 2515 Antiqui
917 2438 984 2497 edd.
1009 2441 1132 2512 „mirum
1155 2441 1186 2498 in
1208 2437 1358 2498 modum“.

630 2659 889 2728 Argumentum
911 2661 961 2727 11,
997 2703 998 2708 1

671 2796 921 2856 acrostichon.

322 2950 349 3006 l.
371 2940 577 3018 Alcumenae,
605 2947 625 3004 i.
649 2966 674 3005 e.
697 2947 855 3008 Alcmenae.
900 2952 1099 3028 AntiquitetIs
1126 2927 1256 3009 sectator
1283 2951 1355 3008 anti·
1452 2919 1453 2928 i

233 3069 322 3128 quem
345 3050 477 3124 genetivi
499 3047 624 3106 formam
646 3050 749 3126 posuit
771 3052 827 3127 ipsi
849 3051 969 3125 Plauto,
993 3059 1028 3111 ut
1049 3055 1186 3125 videtur,
1210 3072 1271 3112 non
1291 3071 1354 3130 pro-

233 3153 342 3212 betam.
376 3151 481 3209 Fuisse
503 3151 668 3227 antiquitus
690 3152 780 3210 talem
802 3153 926 3213 formam
949 3155 1080 3214 ostendit
1105 3151 1350 3232 ‚‚puterfamilias“
1452 3229 1453 3238 ἵ

234 3261 264 3315 et
286 3255 404 3327 similis,
429 3271 494 3329 quae
518 3255 608 3310 etiam
631 3252 669 3309 ad
691 3259 827 3330 posteros
842 3261 1023 3315 manserunt.
1057 3257 1207 3315 Praetcrec
1225 3277 1261 3314 ex
1273 3256 1354 3314 Livio

232 3357 403 3417 Andronico
438 3353 561 3413 affertur
598 3353 728 3427 „escas“,
763 3357 947 3429 „Monetas“,
980 3355 1161 3432 „Latonas“,
1191 3378 1227 3417 ex
1255 3357 1352 3416 Naevio
1452 3401 1453 3404 ¹

237 3460 308 3536 „filii
330 3456 458 3530 terrss“,
486 3454 668 3529 „fortunas“.
702 3456 738 3515 In
757 3460 887 3535 antiquis
910 3466 1008 3518 autem
1031 3461 1128 3518 titulis
1151 3458 1302 3518 interdum
1323 3474 1352 3518 es
1452 3447 1453 3458 ¹

233 3569 264 3621 et
286 3578 340 3621 aes
362 3561 531 3633 invenitur,·
545 3565 580 3617 ut
601 3559 763 3632 Monimes,
787 3560 960 3635 Laudiceam,
983 3563 1142 3632 Minerves‚
1166 3561 1293 3620 Dienses
1315 3559 1350 3634 (.

232 3663 328 3723 Indic.
351 3662 439 3739 Corp.
463 3662 555 3720 Inscr.
579 3661 645 3721 Lat.
668 3662 697 3733 I,
721 3683 749 3738 p.
775 3659 860 3736 603).
905 3665 972 3722 Non
994 3665 1137 3735 Graecam,
1161 3664 1214 3721 sed
1238 3665 1351 3741 proprie

148 3801 154 3812 ·
233 3767 372 3824 Latinam
400 3765 475 3822 hano
502 3764 628 3822 sormam
651 3785 713 3822 esse
744 3765 895 3824 contendit
923 3765 1117 3839 Ritschelius,
1141 3765 1224 3824 Neue
1247 3765 1350 3824 Plauti·
1452 3759 1453 3824 l

232 3868 332 3927 nische
354 3865 485 3924 Excurse
506 3866 530 3939 I,
554 3885 583 3942 p.
609 3869 678 3925 115.
1221 3935 1228 3948 ·
1384 3859 1388 3867 ⁴

322 3972 350 4028 2.
378 3967 451 4026 Post
477 3966 613 4046 foratam
639 3968 754 4042 hiatur;
783 3969 850 4028 edd.
878 3975 993 4047 transp.
1026 3973 1106 4043 „eius
1132 3968 1290 4029 formam“.
1313 3998 1349 4009 -
1452 4025 1453 4054 p

235 4075 262 4131 5.
285 4070 407 4149 frustra
430 4065 530 4130 lebet.
575 4071 700 4130 Plautus
730 4069 907 4148 frustratur
935 4074 1011 4131 dixit
1032 4092 1060 4132 v.
1085 4075 1162 4145 8233
1190 4073 1266 4131 illud
1288 4072 1347 4130 Tac.
1452 4077 1453 4086 ³

232 4175 310 4232 Ann.
327 4172 410 4244 XIII,
431 4173 479 4230 51.
510 4173 681 4233 Ammianus
697 4173 806 4247 XVIII,
831 4176 859 4247 6,
884 4176 916 4232 6:
945 4177 986 4247 „si
1009 4176 1107 4233 Perse
1131 4176 1243 4233 frustra
1265 4175 1347 4233 habiti
1452 4231 1453 4246 ,

233 4275 381 4334 redissent
400 4274 437 4331 ad
454 4273 537 4333 sua“.
555 4305 598 4315 -
616 4277 645 4334 6.
663 4274 805 4351 eumaem,
824 4280 902 4335 inter
919 4299 958 4350 se,
976 4279 1112 4354 Iuppiter
1126 4283 1156 4334 et
1167 4278 1346 4352 Amphitryo.
