2956 5018
569 493 778 566 Prolegcmcns
1178 499 1239 562 lca

101 685 265 762 codicibus,
291 707 391 767 quum
411 693 483 768 post
504 687 666 748 (temerarii
686 693 814 749 mortem
834 689 867 748 in
888 687 1057 748 Palatinam
1078 687 1240 748 bibliothe-

100 807 162 848 cam
183 793 418 866 pervenissent,
442 796 473 850 et
493 789 605 850 Parcus
627 797 659 852 et
680 791 827 852 Gruterus
854 792 902 850 usi
929 795 1014 865 eunt,
1038 809 1166 870 quorum
1187 792 1241 851 illc

99 909 117 948 a
137 890 280 950 codicum
303 894 481 953 testimonio
503 892 579 952 nibil
600 893 662 952 iere
679 894 831 954 discedere
848 912 938 952 ansus
955 895 1133 968 accuratius,
1150 911 1241 971 quam

97 991 157 1052 illis
177 994 379 1072 temporibus
400 993 467 1054 {ieri
488 995 618 1069 solebat,
648 975 986 1073 scripturas'libromm
1016 997 1162 1070 enotavit,
1191 997 1241 1055 hic

99 1095 237 1154 acerrimi
268 1097 442 1156 adversarii
472 1101 576 1176 partes
606 1115 697 1173 agens
721 1111 782 1176 per
808 1098 1034 1158 Taubmennum
1061 1097 1242 1177 discipulum

98 1196 252 1275 quidquid
275 1199 396 1258 Parcus
417 1203 470 1258 aut
490 1200 634 1259 omiserat
656 1204 709 1258 aut
727 1205 882 1260 erraverat
900 1220 967 1259 cum
983 1219 1090 1278 magno
1107 1189 1244 1260 convicio

98 1301 243 1358 correxit.
293 1301 364 1374 Quo
388 1301 499 1360 iactum
521 1305 576 1375 est,
599 1306 635 1360 ut
655 1301 705 1362 vel
726 1302 834 1362 abhinc
857 1301 1000 1362 ducentos
1022 1303 1243 1380 quinquaginta

99 1419 192 1460 annos
221 1402 305 1462 satis
334 1407 487 1477 accurate,
517 1402 592 1480 quid
618 1405 650 1462 in
678 1405 801 1482 optimis
829 1404 983 1464 codicibus
1010 1409 1142 1477 extaret,
1171 1405 1243 1463 sciri
1341 1457 1346 1470 .

98 1504 253 1578 potuerit3
279 1504 338 1564 sed
358 1505 406 1564 his
427 1506 500 1566 solis
522 1505 703 1565 credendum
725 1525 789 1566 esse
811 1506 943 1566 nondum
963 1506 1150 1566 intellectum
1167 1511 1241 1579 erat,

98 1623 152 1662 nec
173 1609 302 1682 paratis
325 1607 398 1666 satis
421 1607 584 1666 utebantur
605 1609 746 1668 editores.
788 1608 893 1686 Neque
914 1609 972 1667 hoc
993 1607 1166 1682 mirabitur,
1190 1609 1243 1686 qui

99 1704 322 1767 difficultatem
348 1710 447 1788 operis
476 1709 722 1769 consideraverit.
766 1709 843 1769 Nam
875 1712 967 1769 etiam
994 1710 1100 1787 optimi
1127 1709 1243 1769 codices

100 1808 183 1867 vitiis
203 1809 420 1885 abundabant3
443 1830 540 1870 sermo
561 1813 702 1888 antiquus
723 1831 784 1871 non
808 1811 968 1872 admodum
990 1817 1082 1870 nctus
1101 1815 1176 1884 erat,
1194 1828 1243 1870 rea

100 1915 203 1970 autem
232 1933 254 1971 a
275 1912 386 1974 Plauto
414 1917 651 1973 commemoratae
680 1931 818 1988 magnam
851 1918 970 1992 partem
1002 1914 1120 1990 ignota.
1164 1912 1243 1972 Ante

102 2013 206 2072 omnia
239 2016 413 2092 interprete
445 2033 520 2092 opus
549 2020 628 2088 erat,
658 2015 710 2092 qui
737 2016 893 2092 scriptoris
920 2014 1013 2075 verba
1041 2019 1072 2074 et
1099 2015 1185 2074 docte
1212 2019 1244 2074 et

103 2117 260 2189 sagaciter
295 2121 327 2176 et
359 2116 491 2175 dilucide
523 2122 686 2176 enarraret.
730 2116 813 2176 Talis
842 2119 945 2176 extitit
970 2117 1133 2194 Dionysius
1154 2117 1244 2176 Lam·

103 2214 210 2291 binus,
240 2221 292 2278 vir
321 2224 353 2278 et
381 2219 418 2278 de
446 2219 512 2278 aliis
541 2219 673 2296 antiquis
701 2218 901 2296 scriptoribus
934 2223 966 2277 et
998 2217 1036 2277 de
1064 2217 1173 2277 Plauto
1199 2220 1245 2278 ita

103 2321 245 2396 meritus,
268 2325 306 2380 ut
328 2339 396 2378 eum
417 2339 504 2381 nemo
526 2321 614 2380 iacile
636 2327 765 2398 superat.
799 2319 873 2380 Eius
896 2321 990 2396 copiis
1012 2320 1075 2380 iere
1097 2321 1144 2379 usi
1164 2323 1243 2393 sunt,

106 2420 160 2495 qui
187 2426 300 2498 postca
326 2421 466 2481 Plautum
496 2443 635 2483 enarrare
668 2424 769 2482 conati
801 2427 884 2496 sunt,
917 2423 1047 2480 maxime
1074 2415 1245 2482 Gronovius'

107 2516 242 2598 (1664),
274 2524 359 2582 cuius
387 2523 516 2584 editione
544 2545 638 2603 usque
666 2525 705 2584 ad
726 2529 862 2584 nostrum
885 2524 1025 2583 naculum
1046 2525 1091 2582 ita
1112 2523 1246 2583 contenti

107 2619 234 2684 inerunt
267 2625 419 2699 homines,
453 2631 490 2685 ut
520 2626 611 2702 vulgo
644 2631 676 2686 et
707 2631 824 2685 textum
857 2626 921 2684 eius
954 2630 986 2684 et
1024 2627 1245 2684 enarrationem

107 2731 321 2803 sequerentur,
344 2731 504 2807 utrumque
525 2715 615 2788 nimii
638 2730 796 2806 patienter.

195 2828 292 2888 Initio
318 2828 406 2888 huius
432 2831 532 2890 seculi
558 2830 686 2890 Bothius
714 2849 775 2889 non
803 2829 879 2889 nihil
906 2829 1034 2888 contulit
1062 2826 1100 2886 ad
1127 2829 1246 2886 textum

110 2929 373 3004 constituendum,
412 2931 466 2990 sed
503 2933 593 2991 modo
630 2933 771 2992 audacius
809 2931 899 2991 modo
938 2933 1036 2991 minus
1074 2933 1246 2988 constanter

112 3030 189 3104 egit3
216 3031 419 3092 Lindemanni
443 3033 595 3093 industria
621 3035 701 3094 intra
728 3053 838 3112 paucas
864 3032 981 3093 fabulas
1008 3031 1157 3104 substitit,
1190 3047 1246 3088 nec

111 3127 336 3216 Weisiiopera
357 3153 406 3194 res
427 3134 555 3194 multum
576 3140 716 3213 promota
737 3135 905 3209 videbatur,
928 3137 973 3193 ita
992 3138 1030 3192 ut
1045 3133 1166 3205 fuerint,
1183 3131 1244 3208 qui,

114 3251 206 3310 quum
241 3236 295 3295 bas
327 3236 445 3295 fabulas
476 3237 617 3296 mendose
650 3237 747 3296 editas
781 3257 844 3296 esse
877 3234 1159 3296 animadvertissent
1191 3249 1246 3290 nec

114 3335 179 3395 sine
212 3338 299 3397 novis
333 3337 468 3397 codicum
500 3338 644 3398 subsidiis
677 3338 829 3398 emendari
858 3357 945 3418 posse
972 3342 1131 3414 putarent,
1160 3334 1248 3413 quasi

116 3433 277 3517 desperata
303 3459 336 3498 re
365 3438 511 3500 aPlautc
540 3443 659 3500 omnino
687 3439 896 3500 abstinendum
925 3438 1077 3498 ducerent.
1121 3437 1248 3496 Animus

116 3537 280 3616 philologis
307 3541 427 3600 additus
456 3545 517 3616 est,
547 3547 706 3620 postquam
731 3543 830 3602 Maius
857 3543 889 3600 in
916 3539 1114 3600 Ambrosiano
1140 3539 1247 3616 palim-

116 3648 218 3717 psesto
246 3641 347 3701 Plauti
373 3644 540 3718 fragmenta
566 3645 682 3703 invenit
709 3649 740 3703 et
768 3663 834 3722 qua
862 3644 976 3720 legeret
1002 3640 1095 3699 edidit
1123 3635 1246 3714 (1815).
1358 3669 1359 3677 .

118 3740 227 3804 Statim
255 3745 420 3822 apparebat
450 3759 513 3805 rem
541 3747 640 3824 magni
673 3747 814 3804 momenti
848 3765 925 3818 esse,
955 3763 989 3803 ec
1016 3745 1042 3801 si
1068 3742 1156 3818 plura
1187 3743 1248 3818 legi

118 3851 252 3920 possent,
287 3865 356 3924 spes
389 3853 458 3908 orta
490 3851 536 3906 cst
567 3847 632 3907 iore
659 3852 695 3906 ut
720 3848 865 3924 pristinus
892 3847 975 3905 nitor
1003 3845 1144 3921 scriptori
1171 3845 1248 3902 male

118 3943 222 4008 babitu
245 3947 430 4008 redderetur.
476 3948 558 4026 Opus
586 3949 712 4009 arduum
740 3967 898 4026 eggressus
920 3953 968 4006 est
987 3945 1160 4005 Fridericns
1181 3945 1247 4004 Rit-

120 4048 260 4124 schelius,
288 4049 372 4110 cuius
398 4051 556 4126 diligentia
583 4056 615 4110 et
640 4051 759 4128 ingenio
786 4051 888 4124 magni
914 4048 1028 4126 aliquid
1056 4069 1090 4107 ac
1111 4047 1249 4125 preclari

122 4149 257 4210 effectum
289 4151 328 4210 iri
361 4153 546 4231 sperabatur.
597 4151 657 4211 Sed
685 4150 850 4211 chciredi
878 4151 1041 4210 Hermanni
1074 4149 1247 4226 discipulus,

122 4269 173 4312 cuo
199 4273 278 4331 saepe
305 4253 416 4315 iudicio
446 4255 515 4332 plus
543 4253 680 4314 tribuens
712 4271 802 4329 quam
835 4253 1026 4328 antiquorum
1058 4251 1247 4324 testimoniis,

123 4351 190 4414 dum
207 4361 238 4415 et
252 4374 358 4414 versus
374 4360 405 4415 et
421 4355 585 4415 sententias
603 4354 641 4413 cd
659 4372 806 4414 summum
822 4353 952 4412 nitorem
974 4353 1093 4430 exigere
1114 4356 1248 4425 conatur,
