2956 5018
226 495 289 557 130
741 487 837 543 Plauti
1159 486 1364 555 v,1‚15-2‚5

225 678 311 758 Quia
332 677 438 744 istaec
461 681 512 744 esi
532 683 659 757 tecum3
682 682 783 760 atque
805 697 865 762 ego
888 675 1022 760 quidem
1043 675 1154 743 hercle
1182 683 1221 742 ut
1239 697 1361 744 uerum

944 784 1006 851 tibi
1028 784 1145 866 dicam,
1166 792 1270 869 pater,
1301 793 1362 848 836

224 895 275 960 Ea
300 915 354 959 res
382 915 433 959 me
459 891 546 960 mele
567 893 685 975 habet,
714 898 751 959 at
777 913 845 958 non
872 913 911 958 eo
939 893 1018 976 quie
1043 893 1105 958 tibi
1132 914 1199 958 non
1227 892 1360 976 cupiam

945 1021 1029 1084 quae
1051 999 1151 1083 uelis3
1209 1073 1213 1080 ⁸

223 1109 347 1177 Uerum
374 1109 474 1174 istam
501 1129 590 1190 em03
619 1107 720 1174 aliem
747 1113 857 1174 tecum
886 1129 957 1174 esee
984 1107 1136 1191 equidem
1157 1106 1257 1174 facile
1280 1129 1360 1192 pos-

947 1237 1018 1282 sum
1040 1216 1179 1301 perpeti

654 1340 927 1408 Demaenetus

177 1443 180 1450 ’
224 1450 268 1516 At
289 1470 351 1533 ego
372 1449 458 1516 hene
479 1449 567 1516 uolo.

663 1558 916 1642 Argyrippus

310 1665 398 1750 Ergo
416 1671 494 1732 eunt
509 1686 593 1750 quae
611 1671 763 1749 exoptem
781 1665 861 1730 mihi
878 1685 963 1749 quae
980 1685 1041 1748 ego
1058 1672 1188 1748 exopto,
1209 1685 1250 1731 ea
1267 1665 1359 1732 uolo.

656 1794 927 1861 Demaenetus

223 1903 333 1970 Unum
353 1901 441 1968 hune
463 1902 551 1968 diem
571 1907 761 1987 perpetem,
784 1903 939 1984 quoniam
965 1901 1028 1967 tibi
1055 1908 1256 1986 potestatem
1281 1903 1363 1969 dedi

225 2011 308 2078 Cum
340 2011 404 2077 hae
438 2031 560 2076 annum
588 2015 626 2076 ut
654 2031 744 2075 esses
772 2016 872 2092 abque
900 2009 1026 2075 ementi
1052 2011 1182 2093 argenti
1209 2008 1274 2076 feei
1302 2031 1362 2076 θο-
1474 2081 1475 2084 ,

944 2117 1043 2201 piam.
1305 2119 1363 2171 ⁸4⁰
1474 2107 1475 2138 ³

664 2247 917 2332 Argyrippus

224 2357 319 2438 Hem,
341 2358 426 2422 istoc
448 2377 500 2421 me
522 2354 613 2421 facto
635 2355 697 2421 tibi
720 2356 877 2422 deuimti

657 2485 925 2552 Demaenetus

746 2593 832 2671 Quin
853 2599 887 2658 te
910 2611 987 2675 ergo
1009 2593 1152 2660 hilarum
1174 2594 1234 2661 dee
1256 2593 1361 2660 mihi?

272 3069 275 3076 Ι
317 2977 486 3046 MULOER
527 2977 761 3046 PARASITUS
806 2977 946 3044 SENEX
989 2977 1270 3047 ADULESCENS

673 3085 907 3151 MERETRDL

685 3237 904 3304 Artemona

225 3349 289 3415 Ain
310 3354 358 3429 tu,
381 3369 490 3413 meum
510 3347 619 3414 uirum
640 3345 694 3411 hie
717 3351 842 3430 potere,
866 3346 1014 3427 obsecro,
1038 3368 1112 3412 eum
1133 3345 1201 3412 filio

225 3457 270 3522 Et
292 3455 336 3522 ad
358 3455 499 3520 amicam
521 3453 678 3521 detulisse
702 3455 831 3538 argenti
851 3455 969 3536 uiginti
989 3455 1107 3534 minae,

225 3567 367 3649 Meoque
389 3562 457 3628 filio
479 3563 604 3629 sciente
626 3562 661 3627 id
682 3561 793 3628 faeere
815 3561 977 3644 flagitium
999 3561 1151 3646 patrem?

685 3691 898 3758 Parasitus

226 3805 342 3888 Neque
364 3800 468 3867 diuini
488 3821 595 3885 neque
616 3799 696 3865 mihi
717 3799 850 3864 humani
877 3799 1016 3882 posthae
1044 3799 1220 3884 quiequam
1241 3797 1355 3864 edere·

946 3905 1038 3987 duas,
1305 3904 1355 3958 845

227 4021 415 4098 Artemona,
439 4017 469 4082 si
489 4015 585 4082 huius
607 4015 655 4080 rei
676 4035 729 4080 me
754 4033 825 4080 esse
846 4012 1040 4078 mendacem
1061 4013 1237 4080 inuenerie

175 4275 183 4290 ⁰
295 4272 347 4325 836
374 4288 406 4324 ee
431 4285 489 4325 non
516 4285 549 4324 eo
576 4269 645 4338 quin
733 4269 786 4323 838
812 4271 942 4338 exoptem
968 4267 1034 4321 nolo
1125 4267 1175 4320 841
1203 4263 1355 4320 deuinxisti

227 4358 280 4412 ⁸42
296 4371 406 4410 meeum
