2956 5018
694 507 785 560 Plauti

531 687 538 700 ’
653 697 828 762 Libenne

761 805 856 894 Unde
879 805 1046 889 gentium?

609 938 876 1003 Demaenetus

219 1047 273 1112 Me
296 1046 499 1111 defraudato.

653 1153 830 1218 Libanus

506 1262 677 1327 Maxumas
699 1281 804 1344 nugas
827 1261 913 1343 agie;

220 1370 315 1436 Nudo
338 1369 513 1436 detrahere
535 1370 733 1434 uestimento
755 1390 806 1434 me
828 1369 930 1434 iubes.

221 1477 413 1561 [Defrudem
434 1485 468 1544 te
491 1479 575 1562 ego?
597 1499 658 1560 ege
681 1479 735 1556 eie,
758 1483 795 1542 tu
818 1477 888 1542 sine
911 1476 1027 1560 pennis
1047 1472 1148 1556 nole]

221 1587 308 1652 Tene
332 1608 392 1670 ego
415 1585 593 1666 deirudem,
616 1587 694 1669 quoi
716 1587 779 1668 ipsi
800 1585 882 1650 nihil
905 1585 1011 1652 estin
1032 1604 1142 1663 manu,

219 1694 291 1762 Nisi
313 1694 392 1777 quid
414 1698 451 1758 tu
474 1715 572 1776 porro
594 1715 730 1760 uxorem
753 1692 1025 1759 defraudeuerie?

609 1825 877 1890 Demaenetus

222 1935 293 2013 Qua
315 1954 375 2010 me,
400 1953 465 2015 que
486 1954 629 2014 uxorem,
652 1954 718 2015 que
739 1938 776 1998 tu
798 1953 928 1997 seruom
951 1931 1110 1998 Sauream
1273 1933 1312 1985 95

220 2042 329 2122 Potes,
352 2040 569 2120 circumduce,
592 2039 698 2122 aufer3
723 2042 878 2124 promitto
901 2042 963 2107 tibi
1005 2059 1010 2069 ·

221 2150 294 2215 Non
317 2147 505 2228 offuturum,
529 2151 556 2213 ei
580 2154 615 2213 tu
634 2149 670 2213 id
691 2148 789 2214 hodie
812 2148 977 2214 ecfeoerie.

657 2279 831 2346 Libanus

221 2385 339 2451 Iubeas
361 2408 429 2452 unc
451 2408 552 2470 opera
574 2409 625 2452 me
648 2389 769 2471 piscari
791 2389 825 2452 in
848 2408 934 2465 aere,

222 2493 345 2559 Ueneri
368 2501 478 2560 autem
498 2498 585 2561 retei
604 2495 713 2560 iaculo
735 2496 769 2559 in
792 2495 898 2559 medio
921 2494 1013 2559 meri.

558 2679 561 2686 .
611 2624 875 2691 Demaenetus

222 2733 296 2798 Tibi
319 2735 484 2818 optionem
507 2735 625 2799 sumito
647 2733 842 2816 Leonidam3

223 2841 401 2907 Fabrioare
425 2842 563 2924 quiduis,
588 2841 718 2924 quiduis
742 2844 992 2924 conminisoer03

223 2949 375 3015 Perfioito
398 2957 570 3033 argentum
593 2949 750 3015 hodieut
772 2950 895 3016 habeat
916 2950 1012 3029 filine,

223 3053 355 3122 Amicae
379 3058 466 3142 qnod
489 3057 552 3123 det.

656 3165 832 3232 Libanus

562 3273 646 3352 Quid
669 3275 718 3338 nis
740 3281 786 3352 tu,
810 3272 1032 3338 Demaeneto?

224 3379 322 3462 [Quid
345 3381 373 3444 ei
394 3380 482 3445 forte
504 3381 538 3445 in
561 3380 698 3446 insidias
721 3379 922 3464 deuenerot]

223 3488 295 3553 Tun
316 3489 457 3554 redimes
479 3511 540 3568 me,
564 3490 592 3554 ei
614 3511 665 3554 me
688 3488 799 3554 hostes
821 3489 1078 3573 interceperint?
1259 3491 1312 3543 105

612 3619 879 3686 Demaenetus

223 3704 403 3796 Redimam.

657 3810 833 3876 Libanus

390 3911 394 3918 ’
418 3920 500 3986 Tum
522 3926 560 3986 tu
581 3921 682 4003 igitur
705 3920 795 3985 aliud
818 3940 898 3985 cura
921 3919 1101 4004 quidlnbet.
1163 3926 1167 3932 '

611 4044 881 4111 Demaenetus

223 4150 294 4234 Ego
317 4173 355 4218 eo
379 4150 560 4233 odiorum,
582 4154 645 4217 nisi
668 4152 828 4236 quiduis.

249 4387 283 4438 95
300 4383 360 4450 Qun
376 4401 422 4437 me
439 4389 498 4438 erte
517 4400 572 4452 que
641 4387 675 4438 96
692 4384 791 4439 Potest
858 4387 892 4439 97
910 4386 934 4438 ei
951 4385 1036 4440 hodie
1104 4387 1138 4440 99
1155 4391 1215 4440 rete
