2956 5018
209 470 269 532 108
723 464 819 520 Plauti
1075 465 1276 535 maes-111,
1286 467 1334 535 1,o

205 654 317 740 Lupus
339 659 392 721 est
413 654 510 720 homo
532 653 671 736 homini,
699 653 905 737 nonnemo,
934 675 1033 741 quom
1061 655 1169 741 qualis
1199 656 1244 721 sit
1271 677 1335 722 non

926 765 1029 830 nouit.

680 870 862 937 Leonida

205 979 277 1046 Iam
296 1000 384 1044 nunc
400 979 545 1045 secunda
560 980 640 1044 mihi
656 977 747 1044 facis.
780 979 915 1044 Scibam
931 979 1009 1045 huic
1025 986 1059 1046 te
1077 980 1222 1065 capitulo
1239 981 1336 1048 hodie

205 1087 385 1153 Facturum
408 1088 489 1154 eatis
512 1110 572 1172 pro
592 1088 723 1152 iniuria.
747 1087 951 1170 Quamquam
970 1109 1031 1170 ego
1049 1110 1122 1154 sum
1140 1089 1336 1172 sordidatus,

206 1195 308 1279 Frugi
330 1203 443 1262 tamen
465 1217 537 1261 sum
559 1217 621 1261 nec
642 1202 754 1281 potest
775 1195 941 1281 peculium
963 1198 1158 1262 enumerari.

670 1327 873 1393 Mercator

206 1412 369 1478 Fortasse.

682 1519 863 1584 Leonida

367 1627 478 1693 Etiam
499 1626 597 1693 hodie
620 1627 822 1712 Periphanes
844 1627 961 1694 Rhodo
984 1633 1149 1694 mercator
1170 1629 1263 1694 diues
1287 1638 1338 1692 495

191 1735 352 1826 ¹absente
375 1757 431 1802 ero
454 1735 541 1802 solus
563 1736 644 1802 mihi
665 1736 828 1802 talentum
851 1738 978 1820 argenti
1000 1737 1062 1802 soli

206 1844 402 1910 Numerauit
423 1849 457 1910 et
478 1845 558 1909 mihi
581 1845 721 1910 credidit
743 1851 883 1929 nequest
903 1844 1060 1930 deceptus
1082 1845 1117 1910 in
1139 1865 1189 1912 eo.

673 1973 877 2040 Mercator

207 2061 369 2127 Fortasse.

683 2167 863 2234 Leonida

384 2277 492 2361 Atque
516 2277 616 2342 etiam
637 2282 675 2342 tu
697 2297 827 2361 quoque
849 2278 919 2362 ipse
943 2277 971 2342 si
994 2297 1083 2342 esses
1104 2282 1317 2361 percontatus

208 2385 259 2450 Ex
281 2384 364 2466 aliis,
387 2385 456 2450 scio
478 2384 534 2469 pol
557 2383 707 2450 crederes
729 2405 815 2449 nunc
838 2384 926 2470 qnod
947 2383 1023 2450 iers.
1070 2376 1074 2386 ⁸

674 2515 877 2581 Mercator

1045 2600 1142 2665 Haud
1164 2600 1337 2705 negassim.

303 2985 528 3050 OLEARETA
549 2984 674 3050 LENA.
718 2985 990 3052 PHILAENIUM
1011 2985 1245 3052 MERETRDL

680 3139 869 3205 Cleareta

208 3248 387 3333 Nequeone
409 3267 469 3330 ego
491 3248 549 3312 ted
569 3247 755 3313 interdictis
777 3248 887 3314 facere
910 3253 1113 3313 mansuetem
1135 3249 1238 3313 meis?
1288 3259 1340 3311 too

208 3357 260 3421 An
282 3357 331 3421 ita
352 3362 391 3421 tu
412 3375 448 3421 es
470 3356 618 3420 animata
639 3363 677 3422 ut
700 3357 757 3440 qui
778 3377 894 3440 expers
916 3357 1033 3420 matris
1054 3356 1162 3440 inperi
1183 3356 1268 3422 sies?

648 3461 901 3529 Philaenium

209 3572 260 3638 Ibi
282 3571 371 3656 piem
393 3571 559 3656 pietatem,
583 3571 611 3636 si
633 3571 717 3636 istoc
738 3593 829 3637 more
851 3577 1015 3637 moratam
1036 3571 1098 3636 tibi

208 3679 377 3746 Postnlem
398 3678 541 3764 placere,
563 3685 678 3761 mater,
701 3680 781 3744 mihi
804 3701 869 3764 qno
892 3683 989 3763 pacto
1012 3679 1199 3763 praecipis?

681 3786 873 3852 Cleareta
950 3776 952 3780 ’

210 3894 275 3980 [An
299 3895 488 3961 decorumst
508 3894 680 3961 aduersari
701 3896 781 3960 meis
803 3900 836 3960 te
859 3893 1065 3980 praeceptis?
1089 3893 1174 3971 Quid
1197 3893 1281 3980 est-i]

131 4041 133 4046 ·
209 4003 369 4070 Hocinest
391 4005 549 4086 pietatem
573 3987 692 4084 colere,
714 4004 876 4088 inperium
898 4004 1012 4068 matris
1035 4003 1204 4067 minuere?
1288 4012 1338 4066 505

279 4175 331 4226 499
349 4173 442 4226 cibam
510 4173 561 4226 495
579 4172 675 4225 Etiam
692 4189 767 4226 nunc
786 4171 850 4226 dico
918 4173 970 4225 497
988 4170 1193 4226 Adnumerauit
1242 4177 1270 4227 st
1287 4188 1336 4228 ora

208 4259 260 4312 499
278 4255 326 4310 Me
343 4273 378 4311 ex
395 4257 458 4312 eliis
502 4274 557 4325 qno
575 4257 607 4310 id
671 4257 722 4312 500
739 4261 768 4311 te
812 4261 989 4312 mansuetam
1055 4259 1104 4312 591
1122 4258 1221 4313 matria
1239 4265 1366 4332 expers,

209 4344 260 4397 509
278 4341 334 4396 Ubi
375 4342 432 4396 isto
503 4343 553 4396 505
570 4343 668 4396 matris
685 4343 835 4412 imperium
