2960 5038
575 481 787 552 Prolegomena
1186 491 1244 552 191

106 673 239 735 Plautus
261 677 331 736 Aul.
356 678 503 736 408-38
527 681 559 736 et
580 679 613 736 in
633 676 728 736 Stichi
749 677 899 756 principio
928 697 999 738 usus
1022 683 1077 738 eet.
1122 677 1167 738 De
1189 678 1248 739 hoc

107 797 199 838 versu
223 779 321 838 multa
341 780 424 838 varie
446 779 601 857 disputata
624 785 702 838 sunt.
735 778 910 838 Reiaianum
929 780 1084 858 appellant
1103 782 1166 840 eius
1188 783 1246 840 riri

107 882 249 954 nomine,
273 881 328 958 qui
350 882 464 958 primus
487 881 526 941 ad
549 901 617 940 eum
645 883 776 940 animum
804 881 944 941 advertit.
989 881 1026 940 Ei
1048 882 1193 944 iambicus
1215 885 1246 942 in

108 983 259 1058 syllabam
282 984 472 1042 catalecticus
498 982 672 1057 videbatur,
696 984 782 1060 quasi
805 1003 840 1042 ex
863 985 982 1044 senario
1006 983 1109 1044 addite
1130 985 1258 1061 syllaba·

108 1090 210 1158 ortus3
239 1084 293 1144 sed
321 1105 375 1144 nec
402 1104 520 1160 versus,
550 1087 602 1164 qni
630 1084 760 1164 dipodiis
789 1084 1012 1160 describuntur,
1044 1089 1076 1146 in
1098 1087 1245 1164 syllabam

108 1209 201 1248 unam
225 1188 415 1247 catalecticos
436 1191 515 1247 ratio
537 1189 605 1263 fert,
628 1209 725 1266 neque
747 1207 807 1247 una
828 1188 892 1248 haec
911 1189 994 1248 illius
1013 1208 1116 1249 versus
1132 1191 1246 1266 species

109 1295 165 1350 est.
199 1289 404 1368 Compositum
428 1291 575 1369 appellari
597 1290 698 1369 potius
721 1291 815 1364 decet,
839 1291 922 1350 ouius
940 1292 1025 1368 prior
1041 1311 1111 1368 pars
1128 1311 1247 1370 semper

109 1393 255 1452 iambicus
278 1393 405 1452 dimeter
426 1393 481 1466 sit,
505 1393 679 1470 etquidem
708 1413 743 1452 ea
769 1392 834 1470 lege
863 1393 1039 1466 adstrictus,
1063 1397 1098 1453 nt
1120 1401 1244 1471 quartus

109 1496 228 1554 iambus
245 1497 352 1572 utique
369 1497 487 1570 integer
506 1497 555 1568 sit,
578 1515 645 1555 cum
668 1515 762 1573 eoque
785 1514 844 1554 vox
865 1498 1045 1554 terminetur
1069 1493 1107 1570 (z
1121 1535 1155 1546 -
1170 1520 1196 1550 z
1210 1537 1244 1546 -

109 1619 136 1652 ε
152 1635 187 1646 -
206 1629 230 1647 υ
249 1593 307 1670 -).
352 1597 459 1656 Altera
485 1617 572 1675 pars,
603 1603 672 1676 post
701 1598 855 1670 diaeresin,
886 1598 960 1656 duas
983 1600 1111 1658 maxime
1133 1599 1245 1658 formas

109 1698 217 1772 habet;
246 1703 298 1758 aut
326 1701 405 1758 enim
428 1719 465 1758 ex
488 1700 605 1759 duobus
632 1700 741 1759 iambis
764 1704 794 1758 et
814 1698 945 1758 trochaeo
969 1704 1087 1758 constat
1112 1697 1150 1774 (v
1166 1739 1201 1750 -
1218 1726 1243 1755 ε

109 1840 144 1850 -
161 1840 196 1849 -
214 1797 253 1874 ε)
278 1805 313 1860 ut
335 1800 374 1859 ad
397 1801 626 1861 choh'ambicum
648 1823 741 1879 genus
763 1803 870 1862 referri
893 1800 1014 1875 debeat,
1039 1805 1091 1860 aut
1111 1803 1245 1880 tripodis

111 1909 157 1964 est
172 1903 303 1962 iambica
318 1904 493 1964 catalectica
516 1900 554 1978 (ε
571 1943 605 1954 -
623 1927 648 1960 v
666 1943 700 1954 -
718 1901 767 1979 ε),
791 1906 874 1964 cuius
892 1903 1013 1981 quidem
1031 1903 1126 1963 altero
1144 1903 1245 1962 iambo

111 2008 289 2083 plerumque
312 1989 482 2084 anapaestns
504 2007 700 2066 substituitur
722 2003 760 2080 (ι-
776 2045 811 2054 .-
830 2039 853 2056 v
873 2039 895 2056 υ
915 2043 949 2054 -
966 2003 1014 2080 ε).
1054 2005 1113 2064 Sed
1135 2008 1166 2064 in
1188 2006 1244 2066 hac

112 2129 231 2188 quoque
259 2110 358 2186 specie
385 2110 555 2168 trochaicus
584 2111 681 2169 tritus
709 2109 868 2168 manifesto
897 2112 1034 2186 apparet,
1064 2114 1099 2166 ut
1120 2106 1243 2166 eandem

112 2211 275 2270 clausulam
305 2212 366 2270 sire
387 2211 572 2270 trochaicam
596 2213 658 2270 sive
679 2211 874 2288 logaoedicam
897 2231 962 2268 cum
986 2211 1122 2268 anacrusi
1145 2209 1243 2269 dicere

111 2315 275 2389 possimus3
298 2317 333 2371 ut
354 2318 390 2372 ut
409 2318 464 2388 est,
483 2335 587 2374 versus
606 2314 642 2372 ab
659 2314 766 2372 iambis
782 2315 929 2389 incipiens
946 2314 1098 2372 contraria
1114 2315 1241 2386 ratione,

111 2416 130 2472 i.
155 2435 180 2474 e.
204 2416 365 2488 trochaice,
389 2417 576 2476 terminatur.
616 2416 688 2476 Cum
711 2417 813 2494 priore
836 2416 930 2476 forma
953 2417 1140 2493 aliquatenus
1163 2436 1243 2475 com-

112 2517 209 2594 parari
232 2521 333 2596 potest
353 2536 456 2578 versus
472 2517 653 2597 Euripideus
676 2517 916 2595 quattuordecim
938 2518 1130 2594 syllabarum,
1154 2539 1241 2596 quem

112 2619 285 2698 Hephaestio
321 2621 377 2693 15,
409 2623 427 2678 9
462 2625 675 2680 commemorat
713 2617 803 2696 (Ἑῷος
836 2621 905 2693 ἡνίχ’
940 2620 1059 2686 ἱππότας
1092 2623 1242 2698 ἐξέλαμψεν

112 2719 224 2800 ἀστήρ),
260 2723 356 2782 altera
388 2722 607 2800 Aristophanes
646 2742 703 2801 pro
741 2722 875 2782 clausula
913 2724 1081 2799 systematis
1121 2723 1240 2782 iambici

111 2845 182 2884 usus
210 2829 256 2884 cst
283 2825 351 2884 Pac.
365 2819 438 2885 ’840
462 2844 505 2901 sq.
536 2821 564 2897 (ἢ
593 2826 761 2898 συκοφάντης
791 2825 883 2893 ἄλλος,
911 2825 1031 2901 οἰμώζων
1059 2823 1240 2900 sotericiana).

114 2929 172 2986 846
195 2948 239 3005 sq.
265 2929 326 2986 852
350 2921 443 3005 sq.*).

195 3029 294 3090 Ceteri
316 3049 420 3088 versus
442 3030 601 3105 compositi
623 3049 683 3089 non
706 3030 774 3087 κατὰ
796 3032 891 3102 στίχον
912 3031 1115 3102 inveniuntur,
1135 3027 1187 3087 sed
1209 3031 1241 3087 in

112 3131 298 3190 liberioribus
332 3134 455 3191 canticis
488 3132 602 3208 passim
632 3136 800 3192 occurrunt.
846 3132 928 3190 Fieri
955 3135 1070 3208 potest,
1099 3137 1133 3190 ut
1160 3131 1240 3189 idem

113 3252 212 3292 versus
235 3239 288 3306 aut
310 3232 391 3292 idem
420 3234 578 3310 rhythmus
606 3239 776 3312 repetatur,
800 3235 929 3292 maxime
952 3231 1004 3291 ubi
1026 3234 1240 3292 sententiarum

137 3431 160 3500 *J
177 3431 265 3486 Paulo
288 3431 371 3486 aliter
389 3430 610 3488 Studemundius
633 3431 679 3502 (de
697 3431 820 3486 canticis
842 3449 868 3500 p.
888 3433 922 3486 30
939 3449 979 3500 sq.
1016 3429 1166 3499 Festgruss
1191 3428 1241 3482 der

176 3515 404 3586 philologischen
423 3515 605 3572 Gesellschait
622 3535 656 3570 zu
674 3517 831 3585 Wiirzburg
851 3518 929 3583 1868,
947 3533 974 3584 p.
994 3515 1036 3579 58)
1055 3515 1240 3584 posteriorem

177 3620 272 3658 versus
290 3606 400 3671 partem
418 3602 569 3657 iambicum
587 3603 738 3657 dimetrum
754 3602 950 3657 catalecticum
964 3605 1148 3668 syncopatum
1162 3599 1239 3653 dicit.

177 3685 258 3754 Quod
280 3691 376 3742 autem
394 3687 544 3743 Saturnios
567 3687 682 3757 quidem
703 3689 756 3742 hos
777 3704 872 3742 versus
890 3686 1082 3756 appellarunt,
1100 3689 1132 3739 ut
1149 3701 1241 3754 nuper

176 3772 320 3827 Fritaschc
337 3773 367 3828 in
384 3773 522 3843 Philolog.
540 3773 667 3842 XXXIV,
685 3792 712 3843 p:
733 3776 782 3828 186
801 3790 874 3842 sqq.‚
893 3773 1015 3828 ambitus
1038 3771 1120 3826 huius
1142 3787 1240 3826 versus

176 3859 212 3913 ab
236 3875 270 3913 ea
292 3857 396 3925 forma,
423 3876 507 3927 quam
532 3859 702 3929 posteriores
730 3858 907 3928 grammatici
934 3857 1090 3927 legitimam
1114 3855 1240 3911 saturnii

176 3958 274 3999 versus
306 3959 366 3998 esse
397 3943 539 3999 docebant
565 3943 707 4012 („Dabunt
733 3944 837 3997 malum
861 3943 969 3997 Metelli
991 3941 1091 3996 Naevio
1117 3938 1239 4012 poetre“)

175 4045 275 4098 parum
293 4027 395 4096 differt,
413 4028 462 4083 sed
478 4029 540 4084 illic
558 4045 666 4083 caesura
684 4033 727 4083 est
743 4029 774 4083 in
793 4033 893 4098 quarto
911 4029 995 4098 pede,
1012 4028 1059 4083 hio
1077 4031 1143 4097 post
1160 4043 1240 4096 quar-

176 4117 237 4168 tum
258 4114 360 4185 pedem
382 4112 508 4168 diaeresis
530 4112 667 4168 aPlauto
688 4131 841 4183 numquam
862 4115 999 4183 neglecta
1035 4113 1174 4182 Equidem
1193 4111 1240 4166 Sa·

176 4201 335 4254 turniorum
347 4199 490 4253 licentiam
503 4199 533 4253 in
544 4198 705 4253 Plautinum
720 4199 794 4254 hanc
811 4199 930 4253 formam
947 4198 1090 4253 interdum
1108 4198 1240 4254 devenire

177 4284 303 4353 potuisse
326 4283 442 4338 minime
462 4283 587 4354 negab03
606 4283 741 4338 Plautum
757 4285 787 4338 in
804 4285 922 4353 palliata
944 4284 1083 4340 comoedia
1100 4283 1241 4340 Satumiis

176 4369 270 4438 potius
288 4385 372 4439 quam
389 4367 495 4424 Grecis
513 4367 640 4423 versibus
660 4387 741 4424 usum
759 4385 819 4425 esse
837 4385 895 4424 non
914 4368 1005 4424 oredo.
