2956 5018
254 505 314 566 176
710 497 920 569 Prolegomena

250 697 337 772 lyrici
374 695 568 766 indulserint,
609 693 677 752 aliis
716 693 958 771 investigandum
997 691 1208 769 relinquimus;
1248 691 1389 750 saenieos

249 804 355 877 poetas
378 819 395 858 a
416 797 472 856 tali
494 798 618 856 lieentia
640 797 819 856 abstinuisse
841 815 1015 873 persuasum
1039 800 1084 853 est
1105 795 1201 854 nobis.
1467 779 1468 782 Ἴ

336 901 450 960 Pedum
471 921 539 959 eum
561 900 745 972 Quintiliano
766 899 819 973 IX,
843 900 873 973 l,
896 899 936 957 46
960 919 1004 977 sq.
1027 900 1088 958 tria
1113 917 1224 974 genera
1245 897 1387 967 facimus,

249 1023 319 1081 per,
349 1003 429 1080 quod
456 1023 493 1061 ex
519 1023 580 1062 una
606 1003 696 1079 longa
723 1008 754 1063 et
781 1003 897 1062 duabus
926 1001 1067 1060 brevibus
1089 1005 1208 1060 oonstat
1229 997 1389 1076 (dactylus
1467 1021 1468 1030 ¹

250 1112 282 1165 et
304 1105 501 1186 anapaestus),
525 1107 650 1184 duplex,
674 1105 754 1184 quod
776 1127 814 1165 ex
834 1107 918 1166 brevi
941 1109 973 1164 et
994 1105 1084 1182 longa
1111 1102 1241 1180 (iambus
1264 1107 1297 1160 et
1318 1107 1388 1160 tro-
1467 1121 1468 1192 ξ

250 1207 370 1284 absens),
393 1210 549 1287 seseuplex
573 1214 627 1282 ,ut
647 1227 743 1287 paon,
767 1229 859 1287 quum
881 1209 922 1269 sit
943 1229 980 1268 ex
1001 1209 1092 1282 longa
1112 1213 1144 1266 et
1165 1207 1264 1266 tribus
1280 1205 1388 1263 brevi-

249 1312 320 1386 bus,
345 1315 456 1391 quique
485 1315 514 1372 ei
541 1313 722 1386 contrarius,
751 1333 787 1370 ex
813 1312 910 1370 tribus
937 1312 1078 1372 brevibus
1106 1316 1137 1369 et
1163 1308 1284 1388 longa“,
1307 1311 1328 1369 i.
1357 1331 1386 1369 e.
1467 1315 1468 1382 ᾗ

249 1435 336 1492 poeou
358 1417 474 1494 primus
497 1420 528 1474 et
550 1421 691 1494 quartns3
713 1435 782 1474 nem
805 1435 880 1492 quos
901 1414 1064 1474 seeundum
1087 1419 1118 1472 et
1135 1416 1260 1474 tertium
1277 1415 1387 1492 appel·

249 1519 359 1591 larunt,
383 1519 504 1578 omnino
527 1519 691 1578 abiioimus.
725 1519 866 1597 Repetito
885 1517 1082 1596 eodempeds
1105 1518 1271 1576 attuariis
1293 1517 1386 1594 padi·
1467 1503 1468 1566 l

249 1623 306 1681 bus
328 1627 398 1700 apte
422 1623 594 1699 compositis
616 1623 700 1680 varia
722 1621 929 1699 rhythmorum
950 1641 1062 1700 genera
1084 1621 1229 1694 existunt,
1253 1640 1329 1697 qum,
1357 1623 1386 1680 si

249 1725 367 1786 modico
391 1725 507 1784 ambitu
530 1724 742 1802 eomprehensa
759 1726 914 1799 iterantur,
931 1743 1045 1798 versus,
1063 1725 1090 1782 si
1105 1727 1228 1796 maiore,
1247 1723 1385 1802 strophas

249 1827 404 1901 dicuntum
433 1827 486 1886 sed
512 1833 574 1886 tam
601 1828 701 1886 versui
730 1847 819 1906 quam
847 1827 979 1906 strophas
1002 1847 1072 1886 suus
1095 1826 1224 1886 ambitus
1247 1831 1292 1885 est
1314 1847 1385 1884 oer-

248 1936 356 2009 tuaque
372 1929 449 2005 finis,
469 1950 558 2008 quem
573 1949 661 1989 voees
680 1928 781 2005 egredi
800 1951 858 1990 nou
878 1932 996 1991 debent.
1030 1929 1134 1988 Finito
1152 1928 1265 1988 ambitu
1283 1949 1385 2007 pausa
1467 1949 1468 1996 ι

249 2033 385 2111 quasdam
406 2033 455 2107 fit3
479 2053 538 2111 quo
561 2032 702 2106 effioitur,
726 2037 762 2092 ut
782 2039 915 2092 extreme
942 2034 1058 2110 syllaba
1082 2037 1144 2092 tam
1165 2033 1265 2092 brevis
1287 2053 1384 2110 quam

248 2138 425 2213 longuessa
447 2138 553 2214 possit.
598 2136 777 2213 Plerumque
805 2141 905 2196 autem
932 2157 1037 2196 versus
1064 2157 1125 2197 nou
1153 2138 1271 2214 integro
1299 2137 1384 2214 pade
1467 2137 1468 2140 ’

248 2243 429 2299 terminatur
457 2238 509 2297 sed
537 2239 658 2312 mutilo,
686 2243 722 2297 ut
749 2239 802 2297 tali
830 2241 913 2298 exitu
940 2269 983 2280 -
1010 2241 1152 2310 κατάληξιν
1174 2238 1313 2298 dicebaut
1332 2268 1384 2278 -
1467 2277 1468 2286 ι

249 2345 357 2402 seriem
389 2343 530 2400 similium
557 2341 667 2420 pedam
693 2344 894 2419 interruptam
921 2363 987 2401 esse
1014 2345 1169 2420 appareat.
1214 2340 1245 2400 Si
1274 2345 1383 2400 autem

249 2444 410 2504 eorundem
431 2443 542 2522 pedum
564 2446 655 2502 series
677 2464 732 2524 per
752 2446 871 2521 lougius
893 2447 1023 2523 spatium
1052 2447 1255 2518 eontinuatur,
1277 2465 1383 2524 neque
1467 2453 1468 2494 ἰ

249 2547 281 2605 id
303 2549 417 2624 agitur,
440 2552 476 2605 ut
498 2549 525 2605 ei
548 2547 643 2605 altera
664 2549 755 2606 series
777 2553 914 2608 aoourate
935 2547 1128 2625 respondeat,
1151 2553 1281 2622 systema
1303 2549 1382 2608 diei-
1467 2543 1468 2568 ³

250 2670 324 2708 mus.
370 2648 440 2708 Haeo
469 2669 589 2727 quoque
620 2650 674 2708 ubi
704 2653 916 2724 terminantur,
949 2652 1061 2724 integri
1092 2650 1185 2728 pedes
1218 2671 1283 2710 esse
1315 2672 1383 2711 non
1467 2693 1468 2732 ,

250 2753 360 2826 solent,
390 2751 443 2811 sed
471 2753 557 2828 quasi
586 2751 735 2812 exhaustis
758 2753 873 2814 viribus
895 2755 1011 2814 numeri
1033 2753 1208 2828 subsidunt;
1231 2775 1274 2814 esa
1298 2756 1382 2814 elau·
1467 2769 1468 2798 ³

249 2856 321 2916 sulas
344 2855 544 2933 appellantur.

334 2959 449 3016 Iustum
480 2957 592 3035 pedum
625 2977 780 3017 numerum
813 2964 844 3018 et
876 2962 1020 3037 aqualem
1050 2961 1199 3020 incessum
1232 2960 1382 3021 saltantes
1467 2951 1468 2954 ¹

248 3061 403 3139 gradibus,
433 3061 572 3120 sedentes
599 3061 676 3138 pade
705 3066 758 3119 aut
784 3063 893 3138 pollice
922 3063 1078 3141 aqualiter
1099 3069 1182 3124 moto
1205 3064 1379 3138 exigebant,

248 3170 284 3225 ut
304 3164 415 3241 singuli
436 3163 546 3240 gradm
568 3169 622 3223 aut
643 3164 752 3240 singuli
773 3164 859 3242 pedis
881 3167 1035 3244 pollioisve
1057 3169 1134 3226 lotus
1157 3168 1284 3245 singulis
1312 3187 1380 3227 rer-

248 3287 299 3328 sus
320 3266 448 3344 pedibus
470 3267 693 3343 responderent.
739 3267 834 3340 Quum
863 3289 935 3328 vero
962 3289 1016 3348 pes
1039 3290 1076 3328 ex
1097 3271 1188 3348 longa
1209 3270 1326 3347 syllaba
1348 3275 1382 3329 et

248 3368 332 3427 brevi
355 3373 408 3426 aut
429 3367 568 3428 brevibus
596 3373 759 3444 constaret,
788 3372 831 3430 ita
857 3371 968 3449 gradus
997 3378 1051 3432 aut
1078 3374 1155 3432 ietus
1183 3373 1378 3446 ordinabant,

247 3477 283 3530 ut
303 3473 334 3529 in
356 3472 453 3546 longis
476 3471 598 3547 syllabis
619 3492 673 3550 pes
697 3479 749 3532 ent
770 3474 872 3551 pollex
893 3481 1065 3552 poneretur,
1085 3477 1116 3534 in
1132 3476 1275 3536 brevibus
1292 3477 1379 3535 tolle·

247 3579 341 3633 retur.
364 3573 450 3634 lllem
471 3575 551 3651 βάσιν
573 3577 635 3635 sive
656 3577 747 3650 θέσιν,
771 3577 847 3636 hano
869 3577 949 3654 ἄρσιν
971 3578 1119 3638 dieebant.
1158 3577 1199 3638 Et
1219 3581 1251 3637 in
1274 3578 1378 3655 daoty·

248 3676 313 3738 liois
335 3678 457 3755 quidem
480 3678 660 3738 hexametris
687 3681 815 3758 simplex
842 3682 920 3740 ratio
948 3687 1026 3757 erat3
1055 3683 1197 3741 iambicos
1224 3687 1325 3741 autem
1348 3685 1380 3740 et

316 3900 401 3965 prout
419 3896 553 3965 oniasque
570 3896 684 3966 syllaba
702 3897 852 3968 longitudo
870 3915 903 3953 ae
921 3899 1044 3954 brevitas
1058 3897 1148 3968 fuerit,
1162 3899 1205 3953 ita
1217 3903 1377 3969 temporum

318 3982 409 4051 spatia
431 3981 542 4036 definiri
560 3999 650 4052 neque
667 3984 746 4039 brevi
764 3985 918 4039 breviorem
937 3990 985 4039 aut
1002 3985 1089 4055 longa
1105 3986 1274 4055 longiorem,
1293 4003 1378 4056 quam

317 4071 418 4122 natura
434 4069 464 4122 iu
483 4069 653 4136 syllabarum
671 4071 900 4138 pronuntiatione
917 4072 1044 4140 protulit,
1062 4090 1145 4142 posse
1160 4073 1284 4142 aliquam
1300 4091 1378 4144 repe·

317 4151 391 4208 riri“.
418 4153 539 4223 Longin.
553 4153 682 4224 Prolegg.
702 4156 731 4210 in
745 4156 888 4226 Hephaeet.
902 4159 927 4224 6,
945 4176 972 4224 p.
989 4161 1024 4212 84
1041 4159 1168 4229 Westpln
1186 4159 1213 4212 rt
1230 4167 1274 4226 ptr
1291 4169 1377 4234 μιιρω

317 4242 452 4306 πεπηγότας
471 4248 517 4308 ἔχει
534 4243 589 4303 rode
603 4246 715 4316 χρόνους,
732 4246 823 4314 μακρόν
841 4265 866 4296 τι
884 4251 925 4297 nol
941 4247 1033 4316 (ἰρᾳχὺν
1051 4252 1092 4298 καὶ
1109 4247 1149 4299 τὸν
1166 4246 1256 4312 μεταξὺ
1279 4248 1377 4310 τούτων,

317 4327 357 4379 rdr
379 4328 455 4380 κοινὸν
477 4330 634 4394 relatiuam,
657 4331 681 4389 te
703 4335 744 4381 eat
765 4329 836 4390 αὐτὸς
854 4331 949 4390 πάντως
965 4333 1055 4402 μακρός
1074 4337 1122 4384 tots
1142 4336 1182 4383 nai
1199 4333 1302 4402 βραχύς,
1321 4333 1334 4384 ὖ
1352 4337 1377 4384 di

316 4413 417 4484 ’ρυθμὸς
434 4415 465 4472 ὣς
481 4415 590 4482 βούληαι
610 4416 743 4474 lineatoris
756 4415 862 4486 χρόνους.
