2976 5056
235 507 296 570 326
708 500 888 572 Amphitruo.

233 695 325 758 hicet.
354 715 382 754 v.
406 697 466 755 764
503 691 740 770 (,Ale1endmm
768 715 908 775 magnum
937 701 1027 772 etque
1056 695 1253 770 Agathoclem
1282 697 1381 755 ciunt

233 800 375 860 maximus
397 798 464 858 Duo
487 819 535 858 res
556 795 734 876 gessisso“);
763 798 987 858 Lindemannns
1015 799 1200 874 compererit
1220 797 1382 858 Italorum

237 897 431 975 „umbedue“.
475 899 623 980 Equidem
649 919 709 959 non
737 901 906 976 negaverim
935 899 1008 960 mihi
1036 901 1114 960 hunc
1142 905 1173 959 et
1199 903 1381 978 proximum

233 1023 352 1064 vorsum
380 1007 471 1064 etiem
499 1007 625 1082 propter
652 1005 830 1063 sententium
863 1003 1025 1064 admodum
1047 1002 1220 1082 displicere,
1249 1024 1325 1076 neo,
1351 1003 1381 1061 si

235 1110 303 1184 quis
325 1108 443 1186 spurios
466 1107 575 1166 dixerit
593 1125 653 1166 vss.
672 1107 830 1180 967-68,
849 1107 1089 1184 repugnaverim.
1106 1105 1149 1148 -’
1167 1107 1240 1164 969.
1259 1101 1381 1166 diuino

236 1202 345 1282 Sosia,
368 1209 509 1268 Mercuri.
552 1207 626 1268 Post
652 1205 787 1282 „diuine“
813 1209 913 1270 histos
935 1209 967 1267 in
989 1227 1114 1281 cusum
1137 1207 1184 1266 m.
1211 1205 1288 1282 ,mi“
1319 1209 1380 1268 ad·

237 1310 344 1385 debet,
374 1312 434 1371 elie
456 1311 567 1369 Miller
594 1332 626 1389 p.
649 1312 721 1370 496.
749 1341 794 1351 -
822 1313 894 1370 971.
917 1311 997 1370 Ante
1024 1307 1241 1370 aduentmttem
1258 1310 1380 1370 'hiatus

234 1415 266 1472 in
289 1432 412 1472 cessure.
444 1412 521 1472 Edd.
545 1413 615 1472 inde
637 1413 675 1472 eb
697 1413 765 1472 Ald.
788 1409 853 1473 ium
876 1413 1000 1487 eddnnt,
1023 1412 1103 1491 quod
1126 1417 1197 1472 onte
1222 1413 1378 1492 „Amphi-

234 1513 389 1592 tryonem“
411 1517 523 1593 legitur
542 1515 623 1592 epnd
634 1515 765 1574 Nonium
787 1518 820 1575 in
841 1517 907 1575 loco
930 1515 1066 1594 pluribus
1089 1517 1172 1574 vitiis
1195 1517 1375 1593 inquinato.

234 1619 263 1677 Is
286 1619 366 1678 enim
388 1638 417 1696 p.
443 1619 498 1678 88:
526 1611 753 1690 ,Comen-tum
773 1638 829 1695 pro
853 1619 1064 1686 conmunitunn
1099 1617 1224 1677 Plautus
1241 1619 1377 1698 Amphi·

234 1726 357 1796 tryonc:
380 1720 427 1780 fec
450 1725 509 1780 iem
532 1720 751 1798 Amphitryone
778 1720 987 1780 eduenientem
1010 1721 1048 1778 eb
1071 1720 1196 1780 nedibus
1217 1727 1253 1780 ut
1275 1721 1376 1780 ebeet

234 1826 340 1902 quouis
373 1829 461 1902 pecto
495 1827 583 1901 pecto
616 1823 662 1882 fec
695 1828 869 1882 conmentus
898 1820 988 1882 eios“.
1032 1821 1202 1882 Enorrendi
1232 1843 1374 1882 errorem

233 1925 322 1984 hodie
344 1927 444 2003 quiuis
468 1927 637 1996 convincet;
662 1924 844 1985 coementes
871 1920 918 1984 sis
946 1931 992 1984 est
1017 1922 1215 1998 „inveneris“.
1256 1924 1374 1984 Versus

234 2047 324 2086 oense
345 2023 394 2086 ste
416 2027 585 2102 legendum,
611 2032 644 2085 ut
667 2029 729 2086 974
753 2024 831 2102 ccc,
853 2027 937 2087 Asin.
963 2029 1011 2086 59.
1037 2028 1108 2086 284.
1149 2026 1194 2086 De
1215 2027 1375 2105 positione

234 2131 369 2206 neglecte
397 2131 433 2188 cf.
457 2129 575 2207 Proleg.
594 2150 633 2207 p.
659 2131 730 2188 201.
775 2129 914 2189 Pleniore
942 2130 1039 2189 forme
1066 2135 1185 2188 retente
1206 2129 1295 2188 Both.
1320 2129 1371 2188 Fl.

233 2232 264 2290 in
282 2253 311 2290 v.
331 2235 392 2292 972
420 2230 501 2305 ,iuc“
528 2231 674 2304 deiciunt,
700 2232 781 2309 quod
804 2237 884 2292 recte
902 2231 968 2290 fieri
985 2253 1046 2291 non
1063 2237 1173 2310 potest.
1207 2231 1370 2310 Equidem,

234 2355 326 2413 quum
354 2335 504 2394 obiectum
533 2334 636 2393 abesse
663 2355 723 2393 non
745 2337 855 2410 possit,
879 2336 929 2394 vix
952 2334 1071 2408 dubito,
1095 2335 1168 2411 quin
1191 2341 1260 2394 ente
1282 2334 1313 2393 h.
1338 2357 1368 2394 v.

234 2437 380 2497 exciderit
406 2434 509 2510 „hoc“.
526 2467 569 2476 -
588 2439 659 2496 973.
685 2431 782 2496 illunc
791 2435 920 2510 Purens;
943 2435 1059 2495 librarii
1083 2455 1167 2494 error
1186 2439 1248 2496 cin
1267 2453 1283 2497 c
1301 2457 1370 2497 mu-

231 2545 358 2598 taverat.
376 2569 417 2580 -
437 2534 583 2598 usuraria
606 2538 735 2598 61494.
760 2569 797 2578 -
823 2543 895 2599 975.
920 2535 997 2600 adeo
1020 2539 1169 2618 significat
1195 2539 1368 2617 ,quidem“.

232 2641 352 2700 Terent.
376 2641 453 2700 Eun.
479 2643 554 2700 312:
593 2640 642 2713 ,Si
670 2640 743 2700 odeo
771 2640 863 2717 dignu
897 2661 944 2700 res
979 2639 1054 2715 ost“,
1087 2646 1123 2700 ut
1156 2641 1242 2702 codd.
1273 2649 1367 2701 recte.

232 2742 344 2802 Versus
367 2763 455 2802 ceusu
471 2743 569 2816 Both,
593 2743 638 2803 Fl.
662 2740 742 2804 med.
759 2775 804 2785 -
827 2745 897 2804 976.
921 2744 1120 2804 Numerorum
1143 2763 1232 2803 cause
1247 2743 1366 2803 cemes.

232 2846 466 2924 transponebnt:
504 2845 594 2919 ,mihi
628 2867 718 2925 quom
745 2843 948 2918 sacruficem“,
978 2846 1023 2904 Fi.
1057 2865 1165 2922 „quom
1192 2845 1367 2906 sacruficem

233 2943 337 3006 mihi“.
368 2947 444 3007 Mihi
462 2949 590 3008 forsitan
607 2951 700 3026 magis
717 2927 849 3027 placent:
877 2968 984 3026 „quom
1003 2949 1140 3008 mihimet
1158 2947 1366 3008 sacruficem“.

234 3047 432 3109 Grammatico
454 3072 514 3110 non
536 3055 634 3110 minus
657 3057 737 3109 recte
761 3051 870 3112 dicitur
891 3046 1001 3125 sac-ui
1022 3047 1181 3112 ministres
1203 3071 1293 3130 quem
1311 3051 1369 3130 fac

232 3147 306 3212 hoec
328 3153 435 3214 morata
457 3151 529 3212 sicet.
570 3153 690 3212 Omiesae
713 3154 932 3214 coniunctionis
955 3155 1091 3233 exempla
1114 3155 1175 3214 vid.
1199 3153 1237 3212 sd
1259 3173 1287 3212 v.
1314 3156 1365 3227 12,

233 3261 357 3338 retent-9
381 3257 464 3316 Asin.
489 3257 560 3315 817.
585 3257 657 3315 893.
680 3255 788 3314 Pseud.
814 3258 885 3315 219.
911 3259 982 3314 515.
1006 3255 1099 3315 Stich.
1125 3259 1195 3314 519.
1222 3257 1291 3315 152.

318 3567 391 3623 977.
415 3564 545 3623 Advenit
572 3564 739 3622 Mercurius
768 3566 865 3640 petris
895 3565 1020 3641 imperio
1054 3563 1205 3624 obediens.
1250 3565 1366 3643 Prope-

232 3671 331 3725 rentcs
353 3687 454 3725 servos
479 3669 624 3739 imitatur,
648 3667 699 3743 qui
724 3685 801 3744 stupe
824 3667 855 3724 in
877 3666 1028 3726 comoediis
1052 3664 1092 3739 (v.
1114 3664 1190 3741 980)
1214 3667 1366 3744 quidquid

232 3767 383 3826 obstiterit
395 3788 425 3826 ee
437 3768 648 3828 deturbeturoe
659 3770 818 3842 minentur,
831 3774 866 3827 ut
875 3769 961 3846 Cspt.
974 3769 1036 3827 783
1049 3789 1115 3847 sqq.
1128 3770 1213 3830 Cure.
1222 3772 1283 3829 280
1296 3789 1363 3847 sqq.

231 3868 323 3928 Mero.
346 3871 404 3928 113
428 3889 493 3949 sqq.
517 3870 610 3930 Stich.
630 3872 691 3930 285
712 3891 776 3949 sqq.
811 3871 1103 3950 Properantiumque
1125 3893 1208 3932 more
1229 3871 1365 3930 iambicis

232 3973 393 4030 octonariis
415 3976 511 4040 utitur
533 3993 628 4052 usque
652 3973 689 4032 ad
712 3993 741 4032 v,
764 3975 836 4033 998.
860 4003 903 4014 -
926 3976 998 4034 978.
1020 3973 1106 4052 fuat,
1130 3977 1151 4034 i.
1174 3995 1199 4033 e.
1223 3976 1276 4046 sit,
1300 3974 1362 4033 vid.

232 4073 308 4133 Non.
332 4095 361 4154 p.
390 4078 458 4135 111.
503 4075 576 4135 Post
600 4073 655 4152 qui
676 4077 776 4134 hiatus
800 4077 831 4134 in
852 4077 1058 4153 monosyllabo
1081 4077 1235 4150 ferendus,
1259 4096 1364 4153 quem-

232 4197 321 4255 quem
354 4179 417 4237 eius
446 4179 574 4238 tollendi
602 4201 692 4239 causa
719 4178 764 4237 Fl.
798 4176 911 4252 „nunc“
943 4179 1028 4238 nddit
1055 4186 1123 4258 post
1155 4177 1363 4257 ,quisquem“,
1424 4223 1428 4231 .

231 4279 345 4338 Usener
379 4277 459 4352 (Ind.
488 4281 579 4340 schol.
609 4281 775 4360 Gryphisw.
809 4282 905 4354 1866,
934 4303 964 4360 p.
997 4279 1048 4356 17)
1088 4280 1271 4360 ,quispiem“
1308 4301 1364 4359 pro

237 4380 431 4458 „quisquem“
453 4385 606 4460 proponit.
625 4415 668 4425 -
685 4385 758 4442 979.
776 4378 852 4442 milei
871 4429 920 4456 ...
940 4380 1006 4456 dcc,
1030 4387 1050 4443 i.
1068 4407 1094 4444 e.
1118 4388 1169 4461 qni
1193 4386 1266 4444 deus
1287 4405 1362 4444 sum.
