2992 5054
276 497 315 558 56
791 485 884 540 Plauti
1169 488 1217 555 ur,
1230 489 1390 556 1,11-111
1456 449 1457 530 f

316 677 412 742 Nunc
434 675 700 760 Amphitruonem
726 680 853 754 memet,
876 681 914 740 ut
936 675 1050 758 occepi
1071 676 1181 758 semel,

316 785 397 850 Esse
422 781 627 848 adsimulabo
649 787 748 864 atque
769 782 803 847 in
825 781 943 847 horum
965 780 1121 848 familiam

317 891 578 958 Frustrationem
600 889 697 955 bodie
720 891 851 956 iniciam
872 912 1068 976 maxumam.

316 1002 396 1066 Post
417 1001 518 1082 igitur
540 997 669 1063 demum
690 997 810 1064 faciam
831 1021 885 1064 res
907 998 966 1064 fiat
987 999 1104 1083 palam,

316 1110 425 1194 Atque
441 1106 639 1172 Alcumenae
661 1108 696 1172 in
717 1111 864 1192 tempore
887 1107 1046 1175 auxilium
1063 1110 1175 1192 feram,
1347 1115 1395 1167 870

247 1229 255 1248 ·
317 1217 514 1299 Faciamque
536 1219 574 1279 ut
595 1237 660 1280 uno
682 1214 751 1279 fetu
775 1220 810 1280 et
831 1214 919 1300 quod
943 1217 1113 1299 grauidaet
1133 1220 1206 1284 uiro

316 1325 361 1390 Et
382 1345 434 1390 me
457 1323 546 1409 quod
567 1323 737 1406 grauidast
759 1324 868 1407 pariat
889 1325 960 1391 sine
983 1324 1158 1394 doloribus.

316 1434 514 1498 Mercurium
536 1431 616 1497 iussi
638 1452 690 1496 me
713 1433 867 1498 continuo
891 1436 1055 1517 consequi,

318 1540 432 1624 Siquid
454 1539 574 1606 uellem
596 1540 768 1624 imperare.
802 1541 896 1606 Nunc
918 1541 1003 1606 hanc
1027 1541 1196 1628 adloquar.

733 1763 937 1772 -—..—---

586 1923 831 1990 ALCUMENA.
874 1925 1085 1994 IUPPITER.

731 2077 948 2146 Alcumena
1026 2127 1032 2138 .

315 2189 443 2256 Durare
465 2208 594 2272 nequeo
616 2186 651 2252 in
673 2185 825 2268 aedibus3
847 2187 895 2252 ita
916 2195 968 2252 me
992 2189 1113 2272 probri,
1160 2173 1168 2190 ⁸
1346 2194 1396 2250 8⁷5

315 2297 437 2382 Stupri,
461 2295 631 2362 dedecoris
654 2315 675 2360 a
696 2294 768 2360 uiro
791 2301 941 2376 argutam
963 2297 1052 2362 meo!
1139 2323 1141 2325 ’

314 2405 364 2470 Ea
386 2425 471 2490 quae
494 2409 569 2469 sunt
590 2403 681 2467 facta
702 2400 824 2466 infecta
846 2423 916 2468 esse
938 2404 1049 2486 instat,
1071 2405 1233 2487 clamitat;

315 2514 406 2595 Quae
428 2533 534 2597 neque
557 2516 634 2576 sunt
655 2507 745 2574 facta
766 2530 873 2594 neque
896 2531 956 2593 ego
979 2514 1013 2576 in
1035 2535 1087 2579 me
1109 2515 1236 2597 admisi,
1260 2520 1375 2600 arguit,

315 2622 423 2706 Atque
445 2619 480 2684 id
502 2641 552 2684 me
575 2639 693 2700 susque
717 2618 822 2703 deque
846 2641 917 2685 esse
939 2620 1128 2700 habituram
1150 2631 1256 2707 putat.

314 2730 388 2795 Non
411 2726 528 2811 edepol
549 2724 669 2790 faciam
690 2747 797 2810 neque
819 2747 871 2791 me
893 2730 1060 2811 perpetiar
1081 2731 1194 2813 probri
1347 2735 1396 2787 88⁰
1456 2727 1457 2752 ³

314 2836 411 2902 Falso
433 2833 664 2914 insimulatam,
687 2835 767 2918 quin
789 2855 849 2917 ego
872 2835 964 2900 illum
987 2843 1045 2902 aut
1067 2838 1217 2906 deseram

312 2946 380 3010 Aut
402 2945 483 3010 satis
505 2941 607 3008 faciet
629 2941 709 3008 mihi
730 2941 787 3007 ille
809 2949 909 3025 atque
932 2944 1061 3010 adiuret
1083 2948 1225 3032 insuper,

311 3052 408 3118 Nolle
432 3074 502 3118 esse
526 3050 616 3116 diota
639 3051 779 3133 quaein
801 3072 852 3116 me
874 3051 1038 3118 insontem
1062 3055 1209 3138 protulit.

743 3159 929 3243 Iuppiter

311 3266 548 3334 Faciundumst
569 3265 650 3332 mihi
671 3264 763 3344 illud,
784 3265 857 3331 fieri
880 3267 968 3352 quod
989 3267 1087 3334 111110
1108 3272 1263 3355 postulat,

310 3376 344 3441 Si
367 3396 417 3439 me
440 3373 531 3439 illam
554 3379 719 3439 amantem
743 3371 785 3438 ad
809 3395 881 3440 sese
903 3375 1053 3443 studeam
1075 3381 1233 3462 recipere,
1346 3391 1395 3444 885

310 3482 448 3563 Quando
472 3503 533 3565 ego
557 3482 645 3565 quod
667 3481 730 3548 feci
752 3480 876 3550 factum
900 3483 960 3568 [id]
983 3486 1215 3570 Amphitruoni
1239 3489 1332 3556 offuit

311 3594 419 3677 Atque
442 3592 492 3657 illi
515 3591 638 3656 dudum
660 3611 750 3656 mens
773 3611 865 3657 amor
886 3595 1054 3675 negotium

309 3701 436 3767 lusonti
459 3699 616 3779 exhibuit,
640 3719 727 3764 nunc
749 3705 860 3767 autem
881 3701 1004 3768 insonti
1026 3705 1106 3769 mihi

310 3810 401 3876 Illius
424 3810 475 3874 ira
496 3809 530 3874 in
552 3808 638 3873 hano
661 3812 694 3872 et
717 3807 894 3874 maledicta
916 3817 1081 3893 expetent,

728 3915 944 3983 Alcumena

310 4025 355 4090 Et
378 4045 491 4089 eccum
513 4024 619 4106 uideo,
642 4025 699 4109 qui
721 4045 773 4090 me
795 4024 949 4090 miseram
971 4027 1080 4110 arguit
1185 4069 1188 4078 ·
1344 4029 1391 4082 ⁸9⁰

313 4133 436 4218 Stupri,
459 4132 639 4198 dedecoris.

339 4367 390 4419 868
408 4365 519 4418 initium
588 4367 640 4419 870
656 4365 826 4420 Aleumaerre
895 4367 1216 4424 87711111111111111
1278 4371 1390 4426 8871111
