2960 5038
252 475 318 538 264
643 515 646 522 .
727 467 907 539 Amphitruo.

252 670 385 725 stonum
407 659 489 725 mole
511 663 715 736 conduxerint,
738 665 758 722 i.
778 684 803 724 c.
826 683 903 736 care,
926 683 1043 742 magno,
1066 669 1101 722 ut
1124 665 1169 722 ait
1186 663 1323 723 Donatus
1344 665 1376 722 ad

253 767 375 826 Terent.
396 765 474 826 Eun.
497 768 531 840 4,
556 768 590 839 4,
615 768 633 825 2
656 767 734 826 hunc
761 785 879 824 versum
902 765 1035 824 laudens.
1080 765 1285 840 Contrarium,
1309 761 1377 826 berte

253 885 364 942 emere,
386 869 485 928 risus.
507 868 599 928 Most.
624 869 696 928 cea.
740 867 822 928 sset.
846 867 883 926 o.
905 865 962 928 Iul.
988 869 1037 928 sc.
1060 868 1110 941 ss,
1133 890 1162 928 v.
1186 868 1277 928 cros.
1299 869 1375 930 nse.
1452 855 1453 942 i

253 972 351 1032 risus.
380 991 409 1049 p.
436 973 485 1030 12.
506 999 551 1011 —
580 971 651 1030 esc.
681 963 874 1046 eonem,
903 969 939 1029 ss.
970 969 1088 1030 Lueret.
1118 971 1162 1044 11,
1196 973 1270 1030 154:
1306 971 1374 1046 „see

253 1074 400 1153 conplexu
419 1079 522 1132 meant
543 1076 625 1132 inter
646 1093 678 1138 se
700 1092 814 1150 conque
835 1071 989 1150 globata“.
1028 1072 1098 1145 Qua
1120 1077 1374 1150 sequestrentur:

253 1171 429 1238 Alcumena
451 1169 551 1248 cubat,
575 1175 709 1252 seperari
730 1195 791 1234 non
814 1173 934 1234 debent.
1452 1177 1453 1248 1

342 1279 413 1338 288.
439 1272 511 1354 quis
533 1277 581 1336 est
602 1271 653 1338 dic
674 1271 779 1350 homa,
807 1277 865 1336 hoc
892 1277 999 1337 ordine
1021 1276 1055 1336 B.
1077 1305 1121 1317 ·-
1143 1271 1202 1338 deoc
1222 1274 1321 1339 006448
1341 1279 1372 1338 cf.

258 1383 327 1442 154.
350 1409 394 1420 -
416 1381 488 1439 289.
512 1373 715 1440 metiendum
744 1377 888 1455 (secunda
909 1375 1029 1454 longa),
1052 1379 1072 1438 i.
1096 1399 1122 1438 e.
1145 1387 1243 1440 metm
1267 1382 1371 1459 plenus,
1452 1441 1453 1446 ,

254 1483 291 1544 cs.
309 1483 400 1542 Most.
422 1483 518 1542 1083:
542 1481 664 1554 „Nescis
681 1501 770 1560 quarn
788 1482 964 1540 meticulosa
980 1501 1028 1540 res
1045 1484 1086 1540 sit
1102 1484 1146 1540 ire
1164 1483 1203 1542 ad
1225 1483 1370 1544 iudiccm“.

252 1617 298 1628 -
319 1579 376 1645 hoc
397 1599 502 1661 aeque,
524 1587 544 1644 i.
563 1605 588 1644 e.
612 1604 706 1662 ecque
729 1591 820 1661 atque
842 1582 899 1641 hic.
934 1583 1005 1642 Haeo
1028 1587 1108 1643 enim
1131 1587 1281 1663 particula
1301 1587 1371 1665 spud

253 1689 393 1748 Plautum
417 1689 612 1765 comparativi
634 1687 724 1746 modo
747 1687 939 1758 construitur,
964 1685 999 1744 ef.
1024 1685 1110 1747 Cure.
1136 1690 1213 1747 141:
1239 1689 1311 1762 „Qui
1330 1709 1370 1748 ne

254 1811 350 1870 aeque
372 1790 543 1849 fortunatus
566 1787 661 1848 erit?“
699 1788 795 1848 Oasin.
821 1789 897 1846 652:
924 1788 1047 1867 „Neque
1069 1795 1117 1848 est
1138 1811 1236 1868 neque
1257 1793 1311 1851 snit
1329 1813 1369 1850 na

252 1913 345 1968 senex
367 1893 526 1970 quisquam
548 1897 665 1950 amator
686 1890 821 1968 adaeque
842 1887 961 1950 miser“.
995 1889 1089 1950 Most.
1110 1895 1166 1952 29:
1193 1893 1274 1967 „Quo
1294 1913 1371 1953 nemo

254 1997 389 2074 adaeque
410 1996 568 2054 iuuentute
591 2013 627 2050 ex
650 1995 730 2052 omni
751 1993 856 2051 Attica
877 1993 1003 2052 antehac
1031 1999 1077 2052 est
1101 1995 1222 2056 habitus
1245 1993 1370 2075 parcus“.

254 2100 357 2161 Etiam
375 2096 453 2158 Plin.
472 2097 551 2155 Hist.
573 2101 636 2154 net.
660 2095 783 2169 XXXV,
806 2091 824 2170 §
849 2097 902 2154 17:
930 2099 1072 2174 „picture
1170 2099 1276 2176 quibus
1297 2100 1370 2176 equi·

255 2204 322 2264 dem
340 2201 442 2286 ,nullas
464 2217 559 2276 aeque
581 2195 741 2257 demiror“.
759 2225 802 2236 —
822 2194 919 2274 Quem
941 2196 1026 2257 codd.
1053 2197 1158 2272 (etiam
1175 2197 1213 2275 Β)
1233 2208 1369 2280 corrupte.

254 2305 380 2378 Bothius
407 2299 486 2376 „Md
512 2301 678 2372 scribebat;
701 2300 818 2358 facilius
829 2299 939 2358 Mulier
961 2297 1065 2373 „Em“.
1100 2299 1274 2364 Fleckeisen
1290 2305 1370 2380 longe

254 2407 340 2482 aliud
367 2407 519 2483 reposuit:
557 2403 670 2477 „Quom
700 2399 890 2478 [recogito]“.
936 2403 1041 2464 Oratio
1073 2423 1133 2464 non
1166 2404 1299 2485 oblique,
1323 2407 1370 2466 sed

256 2517 348 2584 recta,
371 2515 407 2568 ut
429 2527 507 2584 ssepe
528 2506 609 2584 apud
632 2501 733 2578 oredO,
756 2501 878 2582 opinor,
900 2501 976 2579 scie,
999 2506 1038 2564 el.
1078 2499 1208 2566 Veretur
1230 2508 1371 2582 Seriane

257 2615 289 2672 in
314 2613 463 2671 latronem
492 2609 620 2684 incidat,
650 2609 702 2686 qui
730 2629 761 2667 se
789 2608 861 2667 fusti
883 2608 1095 2667 verberaturus
1117 2611 1171 2684 sit3
1195 2611 1246 2669 sed
1267 2612 1371 2671 scurrili

256 2733 410 2775 servorum
433 2713 549 2772 ratione
570 2731 632 2770 non
654 2711 829 2789 simpliciter
850 2710 906 2770 hoc
928 2710 1015 2784 dicit,
1039 2711 1091 2770 sed
1114 2731 1169 2789 per
1193 2715 1370 2774 circumlocu·

256 2819 371 2877 tionem
393 2835 461 2874 eum
482 2814 606 2891 pellium
630 2833 716 2874 suum
738 2809 840 2874 denuo
863 2809 1063 2874 deiecturum
1084 2833 1148 2874 csse
1166 2815 1249 2890 dicit,
1267 2837 1330 2876 nam
1343 2820 1370 2876 in

256 2917 387 2978 texendo
414 2917 475 2976 tela
502 2915 587 2976 radio
616 2922 647 2973 et
674 2917 794 2993 pectine
822 2915 985 2974 identidem
1008 2915 1196 2976 verberatur.
1242 2915 1370 2982 deiecere
1452 2931 1453 2978 1

258 3026 358 3080 eutem
380 3023 426 3078 est
446 3024 617 3095 pertexere,
641 3018 678 3077 of.
701 3016 809 3076 Pseud.
833 3019 905 3078 400.
939 3017 1030 3077 Titin.
1054 3039 1082 3078 v.
1107 3021 1161 3078 25:
1189 3042 1281 3098 „ques
1301 3025 1370 3083 inter

256 3123 358 3182 decem
387 3141 480 3181 annos
507 3121 640 3198 nequisti
667 3141 757 3180 unam
783 3125 885 3195 togam
909 3119 1077 3182 detexere“.
1123 3122 1215 3184 Cicer.
1239 3124 1274 3184 de
1295 3126 1367 3188 Oret.

255 3227 293 3300 11,
319 3227 369 3299 38,
396 3225 471 3284 158:
501 3223 627 3301 „quibus
650 3229 720 3282 ante
742 3242 850 3282 exorsa
872 3227 903 3280 et
923 3222 1024 3299 potius
1047 3223 1170 3284 detexta
1190 3246 1281 3305 prope
1301 3236 1368 3288 rete-

255 3324 397 3388 xantur“.
441 3325 561 3402 Ulpian.
589 3327 621 3384 in
649 3325 716 3401 Dig.
740 3324 878 3398 XXXIV,
903 3327 936 3398 2,
963 3327 1018 3384 22:
1056 3325 1160 3400 „Quod
1187 3332 1219 3387 in
1245 3330 1301 3388 teis
1329 3337 1368 3390 est
1452 3347 1453 3364 ³

255 3431 387 3490 nondum
410 3428 565 3487 detextum
594 3432 766 3487 contextum
794 3425 991 3505 appellatur“.
1035 3427 1155 3490 Scilicet
1176 3431 1208 3490 in
1230 3433 1288 3492 tels
1305 3454 1367 3512 pen·

256 3534 327 3593 dnla
354 3533 416 3592 sive
444 3535 545 3590 stante
575 3525 692 3606 (ὀρθίῳ)
721 3529 850 3590 texendo
874 3529 1073 3590 descenditur.
1118 3531 1203 3611 Saepe
1226 3541 1315 3594 autem
1334 3537 1365 3596 eb
1452 3513 1453 3562 3

254 3636 301 3694 his
323 3635 413 3693 rebus
435 3632 474 3692 ad
496 3631 621 3692 verbere
642 3630 837 3710 significanda
858 3633 1022 3692 similitudo
1044 3635 1166 3711 petitur,
1190 3641 1224 3695 ut
1248 3643 1365 3714 „pectere

254 3733 415 3811 fustibus“,
437 3732 650 3811 „carminare“,
670 3736 765 3794 cl.--
781 3731 892 3808 denuo,
910 3735 947 3794 ef.
962 3737 1033 3796 313.
1050 3765 1094 3776 -
1112 3739 1184 3797 290.
1202 3732 1277 3800 Illic
1289 3734 1365 3800 ene
1452 3719 1453 3812 i

156 3849 161 3858 '
255 3835 312 3901 hoc
334 3839 430 3913 codd.⁵
453 3840 584 3898 numeris
608 3838 854 3897 claudicantibus.
889 3837 977 3898 Both.
999 3837 1125 3912 „hocce“
1151 3840 1363 3916 scribebst31'1.

259 3942 334 4018 „hoc
355 3939 484 4001 meum“.
518 3941 579 4001 Nos
602 3945 697 4001 secuti
722 3961 823 4000 sumus
845 3941 1040 4017 antiquiores,
1065 3943 1117 4019 qni
1139 3945 1255 4004 inverso
1275 3945 1362 4004 ordine
1452 3989 1453 4032 p

260 4045 334 4120 „hoc
355 4041 461 4103 homo“
488 4043 625 4116 edebant,
649 4064 720 4103 nem
741 4043 796 4102 tuli
817 4043 949 4102 chiasmo
968 4045 999 4101 in
1018 4044 1191 4104 ordinandis
1208 4047 1299 4106 verbis
1313 4067 1361 4106 nor

254 4167 324 4207 raro
353 4148 449 4206 utitur
471 4145 611 4218 Plautus,
640 4147 677 4206 cf.
706 4145 784 4204 infra
812 4147 883 4206 641.
914 4147 986 4205 705.
1017 4147 1088 4207 904.
1123 4147 1206 4208 Asin.
1230 4151 1276 4208 32.
1304 4150 1360 4208 Aul.

256 4251 333 4309 679:
366 4255 414 4324 „te
439 4267 504 4306 eam
527 4250 727 4326 conpressiore
755 4247 942 4306 uinolentum
963 4247 1141 4324 virginem“.
1175 4249 1276 4311 Bacch.
1298 4254 1359 4312 541:
1452 4281 1453 4290 κ

258 4351 333 4426 „hoc
354 4372 391 4410 ex
412 4351 532 4426 ingenio
555 4350 633 4408 malo
655 4350 768 4409 malum
789 4350 947 4410 inveniunt
969 4349 1054 4412 suo“.
1101 4355 1177 4414 743:
1204 4353 1288 4432 „quid
1305 4356 1360 4414 istis
1452 4357 1453 4388 i
