2956 5018
236 461 297 524 158
445 425 448 432 Δ
692 455 903 526 Prolsgomena

233 670 340 729 parum
362 654 500 710 accurate
522 668 656 709 servasse
678 649 839 710 dolendum
861 655 922 724 eet;
944 651 976 710 in
998 649 1167 710 nominibus
1190 654 1306 708 autem
1334 647 1389 703 rel

233 753 386 812 nominum
408 753 497 825 notis,
521 771 588 829 quaa
608 757 714 830 postea
735 753 931 826 addebantur,
954 755 1084 813 msiores
1110 754 1202 810 etiam
1224 755 1261 810 et
1287 747 1389 806 omis·

233 857 332 914 sioues
355 859 385 912 et
406 851 503 912 turbas
524 855 727 928 inveniuntur,
745 875 800 914 nec
822 858 859 913 iis
880 861 996 914 tentum
1018 855 1209 914 auctoritatis
1231 852 1390 912 tribuere

233 975 406 1036 possumus,
430 961 576 1032 quantum
597 957 672 1034 ipsis
694 961 793 1034 postte
814 957 929 1031 verbis,
952 958 1005 1018 sed
1027 959 1060 1016 in
1080 957 1136 1015 hac
1157 975 1192 1014 re
1212 956 1292 1034 plus
1323 953 1390 1013 sibi

235 1061 340 1120 critica
360 1058 439 1116 ratio
460 1055 552 1118 licere
573 1052 741 1135 putabit*).
777 1059 831 1118 Hoe
848 1064 927 1120 note
944 1061 1102 1118 memmam
1118 1063 1237 1136 partem
1249 1057 1390 1116 Latinas

234 1160 344 1220 littera
373 1163 443 1218 snut
471 1162 502 1217 et
529 1160 650 1236 quidem
677 1161 750 1237 ipsae
776 1163 930 1220 nominum
956 1162 1103 1246 initiales,
1127 1163 1158 1218 in
1186 1179 1248 1220 non
1279 1157 1389 1218 nullis

234 1261 360 1334 fabulis,
388 1259 441 1320 ubi
468 1261 620 1337 antiquior
647 1263 727 1321 ratio
756 1263 923 1322 accuratius
950 1269 1100 1336 servatur,
1129 1262 1256 1335 Grrecae,
1291 1257 1388 1337 quod

235 1365 327 1426 stiam
356 1365 389 1422 in
415 1361 603 1422 Terentianis
633 1362 783 1422 codicibus
811 1363 861 1438 fit;
889 1365 973 1424 velut
997 1365 1030 1423 in
1057 1364 1182 1424 Poenulo
1204 1373 1230 1422 A
1251 1363 1387 1437 Agora-

186 1515 193 1530 .
234 1465 357 1538 stocles,
385 1473 412 1522 Β
431 1464 575 1541 Milphio,
606 1474 632 1522 Γ
650 1466 879 1543 Adelphasium,
910 1473 934 1524 A
960 1467 1170 1540 Anterastilis,
1200 1462 1238 1540 [E
1258 1463 1384 1540 Lycus,

237 1579 258 1626 z
284 1562 536 1639 AntamonidesL
566 1577 599 1624 Η
621 1567 784 1641 Advocati,
821 1577 844 1626 θ
872 1567 1072 1643 Collabiscus‚
1105 1578 1136 1626 K
1161 1567 1382 1643 Syncerastns,

235 1681 263 1730 X
283 1669 401 1742 Hunno,
425 1678 457 1726 N
477 1666 673 1742 (liddensme;
697 1671 729 1728 in
751 1670 923 1729 Trinummo
944 1681 971 1729 A
991 1669 1210 1748 Megaronides,
1233 1678 1261 1726 Β
1279 1667 1383 1727 Gelli·

235 1773 303 1846 cles,
327 1777 351 1828 A
372 1770 486 1844 Philto,
508 1779 533 1828 Ε
552 1769 709 1847 Lysiteles,
733 1781 755 1828 Ζ
775 1771 968 1846 Lesbonicus,
994 1781 1018 1830 θ
1040 1771 1226 1845 Charmides,
1250 1779 1282 1829 Κ
1306 1768 1383 1829 Sta-

234 1876 334 1947 simus,
358 1885 385 1932 X
406 1871 605 1952 Sycophanta.
649 1872 793 1933 Extrema
820 1874 989 1933 fabularum
1015 1873 1121 1947 rerba,
1146 1873 1254 1950 quibus
1277 1875 1382 1950 poeta

234 1975 324 2036 finem
354 1974 456 2034 adesse
484 1974 633 2054 significat
658 1976 858 2053 plausumque
879 1981 1033 2052 precatur,
1056 1981 1191 2034 extrema
1212 1973 1379 2052 alphabeti

234 2079 339 2140 littera
360 2099 381 2135 ω
403 2081 555 2137 notantur.
600 2077 731 2149 Quarum
758 2078 929 2138 litterarum
956 2079 1045 2136 etiam
1067 2079 1093 2136 si
1115 2079 1147 2136 in
1169 2077 1378 2136 describendo

234 2201 296 2242 una
318 2185 349 2238 et
371 2180 466 2239 altera
487 2179 585 2242 miuus
607 2184 746 2238 accurate
767 2180 887 2238 reddita
908 2173 1018 2254 est**),
1041 2185 1143 2238 tamen
1164 2179 1253 2238 iccile
1274 2199 1376 2257 appa-

235 2287 285 2342 ret
312 2301 378 2340 earu
407 2299 471 2340 esse
498 2281 668 2340 universam
694 2283 856 2356 rationem,
883 2286 918 2340 ut
939 2299 1005 2357 quas
1034 2282 1133 2358 prima
1150 2280 1272 2340 incedit
1298 2299 1376 2359 per·

235 2403 309 2444 sona
329 2384 428 2460 prima
448 2382 552 2442 littera
572 2384 717 2458 signetur,
739 2401 804 2460 quaa
822 2383 967 2460 sequitur,
985 2382 1117 2440 secumda
1133 2387 1189 2442 eto.
1203 2413 1240 2423 -
1254 2382 1375 2441 Arche-

235 2487 302 2564 typi
329 2487 459 2563 speciem
484 2473 627 2544 librarius
655 2483 787 2544 fideliter
813 2487 969 2562 expressit
1015 2483 1047 2543 Si
1076 2483 1150 2562 quid
1178 2484 1278 2560 legera
1305 2503 1374 2543 non

236 2592 370 2665 poterat,
393 2588 524 2663 spatium
546 2606 672 2646 vacuum
693 2587 898 2664 relinquebat,
930 2587 1013 2645 cuius
1042 2588 1086 2645 rei
1107 2587 1236 2646 maxime
1258 2585 1375 2645 Casina

236 2694 268 2748 et
295 2688 417 2748 Rudens
450 2688 587 2764 exempla
618 2688 769 2766 praebent3
802 2707 868 2766 quae
898 2708 958 2746 non
986 2687 1175 2765 intelligebat
1201 2717 1246 2728 —
1273 2706 1373 2764 eaque
1472 2728 1473 2743 .

235 2791 331 2852 multa
351 2791 443 2850 luisse
464 2789 605 2849 videntur
626 2792 839 2865 —corrigere
861 2809 922 2848 non
944 2789 1122 2864 conabatur,
1146 2789 1200 2848 sed
1225 2788 1373 2866 religiose

236 2891 435 2952 describebat.
479 2890 747 2965 Emendationum,
771 2911 836 2967 quac
860 2893 892 2950 in
914 2890 1017 2950 codice
1038 2892 1241 2964 inveniuntur,
1264 2909 1372 2968 paucoe
1472 2926 1473 2953 r

237 2993 373 3073 quoedam
401 2994 438 3052 ab
461 2993 565 3052 ecdem
587 2993 710 3052 librario
733 2993 874 3069 profectae
896 2993 1054 3068 videntur,
1078 2995 1130 3070 qui
1150 2994 1243 3051 minio
1263 3011 1371 3070 perso·

235 3115 343 3154 uarum
369 3101 456 3154 notas
485 3095 616 3168 addidit,
649 3095 792 3171 pleraque
825 3095 919 3154 multo
952 3096 1132 3172 posterioris
1165 3095 1263 3153 atatis
1296 3098 1372 3152 sunt

235 3196 452 3273 neque-ullam
480 3198 646 3256 testimonii
673 3197 735 3255 vim
762 3197 885 3255 habent.
929 3196 1060 3255 Maxime
1093 3195 1277 3274 querendum
1311 3200 1369 3268 est,

237 3297 319 3375 quod
339 3297 492 3357 interdum
508 3299 605 3358 cultro
624 3297 797 3357 emendator
814 3317 885 3357 usus
904 3301 951 3358 est
968 3303 1000 3356 et
1016 3297 1149 3356 radendo
1166 3298 1256 3356 aliam
1274 3298 1370 3373 scrip·
1472 3352 1473 3355 ,

236 3405 335 3460 turam
363 3399 475 3473 effecit3
503 3400 586 3476 qnod
612 3401 665 3459 ubi
693 3401 804 3459 tactum
833 3405 891 3473 est,
925 3419 979 3458 nec
1012 3419 1072 3476 qua
1100 3393 1190 3458 manu
1219 3399 1370 3457 correctio

235 3501 312 3561 facta
337 3503 378 3560 sit
398 3522 453 3560 nec
475 3521 594 3578 semper
615 3503 688 3578 quid
711 3501 747 3560 ab
770 3503 857 3560 initio
886 3503 1030 3578 scriptum
1058 3501 1149 3560 fuerit
1176 3499 1368 3574 intelligitur.

323 3601 480 3662 Scribendi
501 3605 590 3677 ratio,
614 3623 703 3680 quam
725 3603 968 3680 orthographiam
991 3603 1134 3675 dicimus,
1157 3602 1290 3679 vulgaris
1312 3607 1369 3674 est,

236 3703 289 3764 sed
312 3704 412 3780 eliqua
427 3709 584 3764 remanant
599 3707 791 3782 antiquitatis
809 3707 944 3782 vestigia,
965 3710 996 3763 et
1011 3705 1219 3781 frequentiora
1235 3703 1368 3780 quidem,

237 3824 297 3882 quo
320 3805 439 3880 longius
461 3807 653 3884 progreditur
674 3806 830 3880 librarius,
852 3807 936 3865 velut
957 3808 1045 3865 initio
1068 3807 1246 3884 plerumque
1267 3807 1368 3879 uerte,

262 3985 288 4052 Ἰ”)
307 3983 347 4038 cf.
366 3984 515 4040 Ritschelii
531 3985 643 4040 Praefat.
661 3985 784 4041 Trinum.
804 3985 845 4040 ed.
866 3987 913 4040 alt.
932 4003 959 4057 p.
977 3987 1011 4039 48
1029 4003 1069 4054 sq.

245 4069 288 4135 **)
306 4069 368 4122 Tali
390 4087 485 4125 errore
508 4071 539 4126 in
559 4070 723 4127 Trinummo
746 4071 873 4126 Philtoni
895 4071 953 4124 lero
970 4079 1009 4138 A,
1033 4087 1092 4124 non
1115 4081 1138 4125 A
1157 4075 1226 4123 note
1247 4068 1368 4137 additur,

305 4169 358 4206 nec
380 4153 446 4208 inde
469 4153 542 4209 effici
562 4160 671 4224 potest,
693 4157 769 4226 quod
786 4157 896 4211 censuit
912 4155 1083 4210 Ritschelius
1100 4155 1209 4224 Proleg.
1228 4153 1305 4208 'Prin
1325 4153 1367 4208 ed

307 4237 355 4291 alt.
377 4256 404 4306 p.
427 4240 473 4306 56,
500 4241 619 4295 eundem
645 4241 812 4296 histrionem
834 4239 1025 4310 Megaronidis
1052 4245 1081 4295 et
1107 4239 1247 4294 Philtonis
1272 4243 1369 4308 partes

307 4321 405 4390 egisse.
