2992 5054
94 534 124 602 V,
136 539 158 602 1,
170 537 271 589 19—50
604 536 780 605 Amphitruo.
1181 547 1222 607 69
1235 517 1239 524 ’

92 723 199 806 Neque
229 731 382 790 nostrum
411 727 582 810 quisquam
610 729 784 809 sensimus,
815 750 914 811 quom
942 731 1086 814 peperit,
1114 753 1221 815 neque

810 837 1033 920 prouidimus.·

297 940 363 1008 Sed
386 943 464 1026 quid
486 941 570 1008 hoe?
593 943 665 1025 quis
687 942 741 1008 hie
764 949 814 1008 est
836 966 944 1026 senex,

93 1046 151 1126 Qui
174 1053 253 1114 ente
277 1049 371 1116 aedis
393 1057 523 1116 nostres
546 1052 594 1115 sie
622 1051 732 1115 iacet?
759 1074 915 1117 numnam
943 1053 1030 1120 hunc
1059 1058 1223 1139 percussit

809 1160 980 1244 Iuppiter?

92 1263 193 1330 Credo
218 1264 462 1351 edep013nam,
486 1289 546 1352 pro
569 1267 727 1352 Iuppiter,
751 1269 930 1351 sepultust,
953 1273 1047 1353 quasi
1070 1272 1115 1338 sit
1136 1295 1221 1338 mor·

811 1382 897 1441 tuus.
1156 1383 1222 1436 1090

90 1479 146 1546 Ibo
169 1486 201 1546 et
224 1502 434 1565 cognoscem,
458 1485 605 1567 quisquis
628 1489 688 1550 est.
722 1483 990 1568 EstAmphitruo
1013 1486 1067 1552 hic
1089 1488 1222 1573 quidem

812 1615 886 1659 erus
909 1615 1009 1660 meus.

90 1697 296 1784 Amphitruo.

540 1809 780 1895 Amphitruo

303 1891 400 1959 Perii.

578 2002 741 2068 Bromie

424 2109 537 2194 Surge.

542 2218 779 2304 Amphitruo

547 2325 670 2392 Interii.

580 2434 742 2500 Bromie

677 2542 766 2610 Cedo
789 2566 932 2610 menum.

542 2651 780 2736 Amphitruo

936 2737 1015 2817 Quis
1038 2759 1089 2804 me
1111 2740 1224 2805 tenet?

478 2843 480 2846 ’
580 2845 741 2911 Bromie

95 2929 164 2997 Tus
185 2930 474 3018 Bromielencille.

540 3037 783 3122 Amphitruo
947 3125 955 3145 ι

478 3147 581 3213 Tetus
603 3149 714 3226 timeo,
736 3148 785 3212 ita
807 3168 858 3211 me
880 3147 1046 3232 increpuit
1067 3147 1224 3233 Iuppiter,

97 3255 162 3321 Nee
183 3277 279 3322 secus
301 3260 361 3336 est,
385 3256 478 3342 quasi
500 3255 529 3321 si
551 3255 593 3320 eb
607 3253 795 3342 Acherunte
817 3255 962 3321 ueniam?
995 3254 1060 3321 Sed
1083 3255 1164 3341 quid
1186 3262 1225 3322 tu

816 3361 906 3430 fores

99 3447 291 3533 Egresse’s?

582 3557 742 3624 Bromie

301 3666 428 3732 Eadem
449 3688 509 3732 nos
530 3665 670 3731 formido
692 3665 825 3731 timidas
847 3671 974 3730 terrore
995 3665 1118 3749 inpulit
1160 3673 1226 3727 1095

101 3771 137 3838 In
158 3775 303 3857 aedibus,
325 3781 362 3840 tu
382 3775 441 3840 ubi
461 3774 601 3840 habitas.
635 3774 745 3840 Nimia
766 3774 850 3839 mira
872 3772 955 3853 uidi,
978 3793 1040 3838 uae
1062 3771 1150 3854 mihi,

102 3881 306 3968 Amphitruo!
326 3884 377 3949 ite
398 3883 478 3949 mihi
500 3883 628 3948 enimus
651 3883 752 3948 etiarn
774 3901 860 3947 nuno
883 3880 987 3946 abest.
1134 3887 1137 3893 '

546 3991 782 4075 Amphitruo

924 4074 1073 4158 Agedum
1094 4075 1226 4160 expedi:

104 4183 175 4251 Sein
195 4207 248 4254 me
269 4191 362 4254 tuum
383 4207 454 4254 esse
477 4207 569 4253 erum
590 4184 884 4271 Amphitruonem?

171 4423 233 4476 1091
253 4437 393 4491 eognoseo
412 4420 535 4490 quisquis
554 4422 597 4474 est
613 4417 774 4489 Amphitrio
834 4419 901 4473 1095
917 4417 1024 4486 Egerm
1041 4433 1070 4470 es
