2956 5018
235 556 297 618 150
692 543 905 616 Prolegomeua.

233 747 475 822 argumentorum
491 741 634 820 pleraque
650 739 816 816 periemnt.
849 737 926 798 Nam
948 757 1040 816 quum
1062 736 1100 796 ab
1121 736 1210 796 initio
1232 737 1366 797 omnium

232 845 401 905 fabularum
423 845 514 904 fuisee
535 841 703 915 videantur,
725 840 816 900 hodie
831 841 865 900 in
880 839 1026 900 Plautinis
1046 837 1197 900 codicibus
1220 844 1367 916 quattuor

232 953 352 1021 extant,
374 945 617 1024 Amphitryonis,
639 942 818 1016 Aulularia,
839 941 963 1015 Militis,
985 941 1181 1014 Mercatoris,
1204 941 1236 1000 in
1257 942 1365 1019 palim-

232 1055 335 1128 psesto
345 1045 695 1108 AmbrosianoPseudoli
714 1048 920 1120 argumentum
942 1047 1094 1104 serratum
1116 1047 1162 1102 eet
1184 1048 1216 1102 et
1235 1045 1367 1122 vestigia

233 1151 361 1212 obscura
382 1150 552 1226 argumenti
572 1151 606 1207 in
621 1147 743 1207 Persam
761 1141 803 1219 (v.
819 1145 935 1206 Ritsch.
949 1145 1071 1223 Pater-g.
1088 1165 1118 1224 p.
1136 1141 1223 1218 297).
1258 1146 1368 1206 Altera

233 1259 333 1314 autem
354 1252 560 1331 periocharum
581 1251 674 1309 series
695 1252 870 1322 argumenta
886 1249 1018 1308 omnium
1034 1248 1203 1308 fabularum
1220 1250 1365 1322 continet,

234 1375 300 1434 qum
328 1359 432 1414 extent
456 1353 593 1432 quidem,
621 1371 690 1412 nam
712 1349 867 1412 Vidularia
893 1355 959 1410 tote
980 1356 1012 1410 et
1033 1350 1213 1410 Bacchidem
1243 1350 1366 1411 initium

233 1458 332 1534 periit
376 1455 428 1516 Eu
450 1454 623 1516 acrostichis
644 1453 764 1530 scripte
787 1457 865 1526 suot,
888 1471 942 1512 uec
965 1453 1097 1512 eiusdem
1119 1455 1249 1513 auctoris
1272 1461 1366 1532 atque

233 1558 301 1631 illae,
325 1577 400 1636 quas
417 1577 513 1635 nuper
529 1555 831 1628 commemoravimus,
848 1573 913 1628 esee
928 1553 1078 1630 videntur,
1097 1573 1166 1616 uam
1183 1561 1215 1616 et
1230 1558 1365 1616 namatio

232 1662 331 1720 minus
352 1659 424 1718 felix
445 1665 477 1720 et
498 1659 595 1718 oratio
618 1658 752 1736 asperior
773 1662 828 1716 est.
873 1655 1006 1735 Uterque
1033 1661 1123 1736 poete
1150 1658 1366 1735 antiquitatem

233 1766 378 1835 sectatum,
408 1767 498 1840 etque
526 1759 692 1832 interdum,
720 1760 847 1818 maxime
875 1758 1109 1818 acrostichorum
1131 1761 1275 1836 scriptor,
1299 1761 1365 1836 ipso

233 1862 339 1922 Plauto
356 1863 509 1941 antiquior
525 1862 636 1922 evadit.
659 1860 725 1920 Huc
742 1862 882 1938 pertinet,
900 1859 982 1938 quod
996 1878 1101 1920 versus
1117 1879 1224 1936 parum
1240 1861 1365 1920 incundi

233 1965 324 2024 etiam
351 1964 482 2024 hiatibus
510 1963 678 2035 abundent,
703 1962 811 2041 quibus
839 1981 932 2038 quum
953 1961 1079 2021 Plautus
1106 1963 1171 2039 ipse
1198 1962 1365 2022 modestius

232 2087 306 2126 usus
327 2068 382 2139 sit,
406 2071 647 2144 argumentorum
668 2066 799 2140 scriptor
820 2083 967 2142 nusquam
987 2069 1142 2140 temperat.
1183 2064 1260 2124 Nam
1283 2065 1366 2143 quod

233 2168 414 2236 Bitscheliue
438 2165 480 2246 (p.
495 2165 570 2243 319)
593 2167 730 2226 inertiam
752 2165 874 2224 illorum
895 2166 1006 2244 culpat,
1029 2166 1090 2244 qui,
1114 2165 1195 2243 quod
1210 2167 1364 2228 ioPlauto

233 2270 285 2328 vix
306 2271 369 2328 sint
388 2269 560 2343 toleraturi,
589 2270 738 2345 imputare
765 2273 866 2328 tamen
894 2269 1076 2344 argumentis
1103 2285 1164 2327 non
1192 2273 1364 2344 vereantur,

232 2371 265 2430 id
287 2371 372 2432 nobie
395 2372 495 2447 potius
518 2389 596 2430 saure
619 2371 743 2428 rationis
765 2389 828 2428 esee
850 2370 980 2428 videtur.
1134 2361 1135 2366 ’

318 2472 464 2532 Proximis
487 2471 602 2531 saeculis
619 2489 711 2549 quum
728 2469 828 2530 studia
843 2477 1029 2530 senescerent
1045 2491 1220 2550 semperque
1238 2473 1366 2533 exiliora

233 2573 354 2648 fierent,
377 2573 577 2651 antiquissimi
604 2575 716 2650 quique
745 2574 906 2651 scriptores
935 2575 1054 2633 omniuo
1075 2575 1245 2653 perierunt,
1268 2593 1303 2634 ec
1325 2595 1364 2634 ne

233 2675 360 2736 Plautus
393 2675 514 2753 quidem
551 2675 610 2734 uisi
646 2695 717 2734 raro
750 2674 919 2752 legebatur,
953 2676 1001 2735 rel
1034 2678 1106 2753 quia
1138 2681 1236 2735 totum
1269 2695 1365 2752 genus

233 2779 331 2838 minus
362 2776 516 2856 placebat,
549 2777 597 2836 vel
630 2779 701 2853 quia
734 2775 886 2836 difficilior
912 2779 991 2836 lectu
1018 2777 1186 2837 videbatur.
1232 2778 1365 2838 Venera-

232 2879 345 2940 bantur
380 2897 448 2936 eum
480 2881 665 2956 grammatici
702 2880 805 2955 ,quasi
837 2899 954 2938 sacrum
986 2883 1135 2938 vetustate
1167 2878 1300 2955 lucum“,
1335 2887 1367 2940 et

234 2979 410 3040 eruditionis
442 2998 533 3038 cauea
564 2979 679 3054 glossae
710 2977 780 3037 inde
813 2985 968 3058 excerptas
1001 2980 1181 3058 colligebant
1210 2987 1242 3042 et
1270 2985 1364 3042 inter-

232 3081 444 3160 pretabantnr3
468 3081 521 3140 sed
542 3082 598 3140 soli
620 3082 803 3158 antiquiores
821 3083 919 3160 ipsum
934 3082 1073 3142 Plautum
1092 3089 1247 3158 noverant,
1271 3087 1365 3143 ceteri

232 3185 436 3262 antiquiorum
461 3183 521 3242 fide
549 3183 622 3254 nisi,
651 3201 716 3260 quae
745 3183 825 3261 apud
852 3203 903 3242 eos
929 3185 1119 3260 invenerant,
1143 3186 1362 3246 suscribebant

233 3285 299 3356 Qua
319 3285 434 3344 ratione
455 3283 521 3342 fieri
542 3302 602 3342 uon
619 3284 721 3361 potuit
741 3287 814 3362 quin
830 3305 946 3346 errores
963 3292 1129 3361 orerentur,
1153 3287 1206 3347 sed
1221 3290 1364 3350 universa

232 3405 280 3446 ree
314 3386 537 3462 religiosissime
570 3385 724 3462 agebatur.
768 3386 834 3448 Hoo
866 3389 915 3446 vel
946 3387 1016 3446 inde
1044 3393 1186 3465 apparet,
1215 3390 1299 3467 quod
1325 3409 1363 3450 ne

232 3488 403 3548 manifestos
426 3487 545 3566 quidem
567 3486 760 3548 librariorum
784 3509 900 3550 errores
923 3491 1074 3564 corrigere
1095 3489 1256 3564 audebant,
1279 3493 1363 3552 velut

233 3590 348 3652 Gellius
369 3591 399 3664 1,
422 3592 450 3664 7,
478 3591 513 3648 ll
541 3587 703 3663 ,Plautue“
728 3592 828 3668 inquit
858 3592 907 3664 „in
929 3590 1048 3664 Casina,
1078 3611 1169 3668 quum
1197 3591 1234 3652 de
1260 3594 1363 3672 puella

231 3692 414 3770 loqueretur,
438 3694 606 3752 occisurum
628 3693 713 3766 dixit,
736 3713 797 3752 non
819 3689 1015 3766 occisuram“,
1038 3693 1130 3772 idque
1149 3693 1208 3752 dici
1225 3697 1361 3772 potuisse

232 3795 299 3854 aliis
319 3793 512 3852 librariorum
534 3793 686 3854 erroribus
707 3793 835 3872 probare
853 3799 988 3852 conatum.
1024 3795 1121 3854 Multa
1136 3794 1224 3855 huius
1241 3799 1359 3872 generis

232 3895 369 3972 exempla
388 3895 530 3954 Nonius
558 3893 687 3973 praebet,
716 3897 764 3954 cui
791 3897 844 3954 uni
870 3895 940 3972 plus
968 3915 1058 3973 quam
1086 3897 1194 3956 ceteris
1222 3898 1360 3959 omnibus

231 3996 433 4074 grammaticis
455 3998 539 4056 crisie
560 3997 701 4056 Plautina
722 3996 822 4056 debet.
865 3998 895 4056 Is
922 4016 1000 4074 sepe
1027 3998 1220 4060 librariorum
1243 4019 1359 4060 errores

231 4116 287 4175 pro
319 4116 392 4156 vere
423 4100 615 4175 antiquorum
646 4098 790 4176 loquendi
822 4101 938 4158 ratione
969 4101 1115 4160 venditat
1165 4100 1213 4159 Ex
1244 4101 1359 4179 ingenti

232 4203 331 4256 antem
364 4218 487 4258 numero
516 4220 605 4276 quem
634 4199 723 4260 affert
749 4181 956 4260 Plautinomni
984 4221 1123 4261 versuum
1158 4223 1251 4280 quum
1285 4205 1357 4263 alios

231 4297 341 4357 habeat
373 4300 559 4362 emendatius
591 4305 717 4378 scriptos
751 4321 840 4379 quem
866 4303 963 4360 nostri
991 4303 1123 4380 codices,
1154 4305 1231 4364 alios
1261 4309 1356 4366 minue
