2992 5054
148 513 171 580 1,
192 517 215 582 1,
233 515 343 566 45-74.
627 514 804 584 Amphitruo.
1241 521 1279 580 13

147 703 273 768 Uerum
284 703 378 785 quasi
390 702 552 767 adfuerim
568 708 687 784 tamen,
706 703 868 770 simulabo
887 710 985 786 utque
1004 702 1116 770 auditu
1133 704 1278 786 eloquar.

150 811 217 878 Sed
239 833 304 894 quo
327 810 424 877 modo
447 816 481 876 et
502 811 613 876 uerbis
636 811 753 894 quibus
777 833 828 878 me
851 812 970 878 deceat
991 812 1178 892 fubnlurier,

149 921 246 986 Prius
269 921 338 1004 ipse
360 940 490 985 mecum
511 922 612 985 etiam
634 920 710 986 uolo
732 920 787 984 hic
808 921 970 985 meditari.
1008 919 1063 985 Sic
1084 921 1148 986 hoc
1170 922 1280 1005 prolo-

974 1049 1072 1110 quur:

149 1136 315 1220 Principio
326 1136 432 1206 utillo
444 1137 646 1216 aduenimus,
664 1137 721 1201 ubi
737 1136 878 1220 primum
895 1127 1016 1200 terram
1032 1137 1209 1220 tetigimus,
1230 1147 1281 1199 200

151 1245 316 1310 Continuo
338 1244 532 1328 Amphitruo
555 1245 679 1326 delegit
699 1245 789 1310 uiros
810 1246 989 1328 primorum
1013 1246 1188 1328 principes.
1230 1311 1232 1318 ,

149 1354 218 1419 Eos
240 1354 343 1436 legat3
366 1353 517 1419 Telebois
539 1353 632 1420 iubet
654 1355 852 1418 sententium
873 1358 911 1418 ut
934 1352 1049 1419 dicunt
1071 1375 1178 1418 suum:

151 1462 188 1527 Si
211 1465 280 1528 sine
302 1463 335 1526 ui
359 1469 393 1527 et
415 1463 485 1527 sine
507 1462 594 1527 bello
621 1462 725 1526 uelint
747 1466 844 1544 repta
866 1468 900 1525 et
921 1468 1072 1545 ruptores
1095 1461 1236 1542 trudere,

151 1571 188 1635 Si
210 1592 295 1653 quae
314 1571 534 1654 asportessint
552 1569 700 1649 reddere,
719 1591 754 1634 se
772 1571 952 1634 exercitum
969 1569 1132 1653 extemplo
1150 1569 1282 1635 domum

150 1679 385 1758 Reducturum,
409 1679 557 1743 abituros
580 1698 661 1760 egro
677 1679 825 1759 Argiuos,
842 1699 959 1761 paoem
978 1685 1077 1760 utque
1100 1679 1202 1744 otium
1230 1686 1282 1738 205

150 1788 241 1854 Dure
264 1788 344 1867 illis3
374 1787 424 1851 sin
453 1787 550 1852 aliter
578 1787 664 1850 sient
685 1787 822 1850 animati
844 1807 950 1867 neque
972 1786 1051 1850 dent
1073 1805 1157 1868 quoe
1179 1791 1281 1869 petet,

152 1895 233 1961 Sese
249 1897 351 1978 igitur
367 1915 493 1960 summe
508 1895 542 1959 ui
559 1895 705 1976 uirisque
722 1915 835 1958 eorum
853 1894 1009 1977 oppidum
1027 1913 1281 1977 oppugnassere.

149 2005 245 2070 Haec
267 2004 323 2069 ubi
346 2001 498 2068 Telebois
522 2003 636 2067 ordine
658 2003 830 2082 iterarunt,
853 2023 934 2084 quos
957 2000 1163 2085 praefecerat

151 2112 357 2195 Amphitruo,
380 2111 581 2192 magnanimi
602 2111 666 2174 uiri
688 2109 766 2176 freti
787 2111 911 2175 uirtute
934 2116 968 2174 et
989 2109 1114 2174 uiribus
1166 2135 1169 2143 ·

153 2220 302 2303 Superbe
326 2219 421 2284 nimis
444 2217 600 2283 ferociter
622 2219 746 2301 legatos
768 2224 900 2283 nostros
923 2218 1111 2300 increpent3
1232 2218 1283 2270 210

151 2327 366 2411 Respondent
386 2326 474 2391 bello
498 2347 532 2391 se
555 2333 589 2391 et
611 2347 688 2392 suos
710 2325 812 2390 tutari
833 2346 947 2409 posse3
970 2324 1106 2408 proinde
1129 2325 1179 2390 uti
1222 2347 1226 2355 ·

151 2439 297 2521 Propere
320 2437 387 2501 suis
410 2435 449 2498 de
472 2433 592 2500 finibus
615 2435 779 2500 exercitus
802 2433 991 2499 deduceret.

151 2546 247 2612 Haec
269 2545 326 2610 ubi
348 2545 450 2626 legati
471 2543 645 2626 pertulere,
667 2542 860 2626 Amphitruo
884 2542 1002 2607 eastris
1023 2541 1099 2607 ilico

152 2655 312 2720 Producit
335 2675 463 2718 omnem
485 2653 679 2732 exercitum3
703 2657 819 2716 contre
841 2650 1004 2715 Teleboae
1028 2671 1068 2715 ex
1090 2649 1210 2732 oppido

152 2764 316 2845 Legiones
339 2762 484 2828 educunt
505 2781 581 2826 suos
604 2761 701 2824 nimis
723 2758 847 2843 pulcris
870 2759 970 2823 armis
993 2757 1172 2841 praeditus.
1232 2765 1283 2818 215

242 2870 419 2952 Postquam
441 2870 605 2952 utrimque
629 2868 785 2932 exitumst
806 2887 959 2932 maxume
982 2867 1087 2949 copis,

242 2978 417 3062 Dispertiti
439 2977 513 3057 uiri,
538 2975 703 3060 dispertiti
727 2973 866 3039 ordines.

242 3085 310 3152 Nos
326 3092 457 3151 nostras
474 3106 564 3150 more
581 3090 694 3150 nostro
714 3088 747 3147 et
762 3082 859 3170 modo
876 3082 1089 3147 instruximus
1110 3081 1284 3164 [legionem

979 3187 1072 3270 item]

243 3302 364 3368 Hostes
387 3307 503 3366 contre
524 3299 670 3382 legiones
692 3319 769 3362 suas
791 3298 966 3364 instruunt.

181 3449 186 3456 ·
242 3410 369 3475 Deinde
391 3410 523 3491 utrique
544 3409 762 3492 imperatores
785 3407 819 3470 in
841 3405 985 3470 medium
1007 3409 1136 3482 exeunt,
1234 3403 1286 3456 220

242 3517 346 3582 Extra
360 3495 499 3582 'turbam
522 3515 673 3580 ordinum
696 3513 937 3596 conloquuntur
958 3513 1064 3579 simul.

242 3625 413 3704 Conuenit,
435 3625 518 3689 uicti
538 3623 606 3689 utri
628 3622 695 3687 sint
717 3641 755 3687 eo
778 3621 915 3705 proebe,

242 3732 374 3814 Urbem,
396 3753 521 3816 agrum,
545 3753 629 3810 eras,
652 3729 744 3795 focos
766 3749 865 3811 seque
888 3727 937 3792 uti
962 3724 1130 3792 dederent.

242 3841 422 3924 Postquam
441 3840 477 3904 id
499 3843 650 3917 actumst,
672 3838 772 3902 tubae
794 3825 958 3918 utrimque
982 3839 1104 3898 canunt
1127 3839 1259 3914 contru3

244 3947 412 4014 Consonat
434 3953 539 4028 terrm
563 3947 740 4011 clamorem
762 3945 927 4026 utrimque
950 3940 1106 4007 ecferunt.
1237 3941 1288 3994 225

242 4056 426 4140 imperator
448 4061 588 4137 uterque
610 4053 687 4119 bino
710 4058 743 4118 et
765 4051 856 4117 illino
879 4051 952 4116 Ioui

225 4313 277 4364 204
298 4315 489 4381 asportarent
509 4309 660 4364 redderent
741 4311 793 4363 207
817 4323 1021 4378 expugnassere
1098 4307 1149 4359 212
1171 4303 1206 4358 de
1231 4306 1287 4359 suis

152 4397 328 4452 deducerent
396 4395 604 4466 tlbjreducunt
673 4396 723 4448 226
741 4395 882 4484 utrimque
