2960 5038
253 455 315 516 240
726 450 903 521 Amphitruo.
1039 503 1057 582 s

252 643 337 716 onos
366 645 408 704 rar
438 643 560 702 sacrar-
590 649 642 716 „aa
670 642 762 720 ciffi,
793 645 924 704 aaran
952 645 1032 704 raam
1058 645 1115 704 boc
1142 646 1207 706 1000
1234 649 1365 724 scapua
1441 682 1444 691 -

252 747 352 806 fuisse.
385 745 500 805 Nomen
517 745 716 806 novelletum
740 749 794 807 sad
816 755 896 808 recte
917 748 1079 807 formatum
1101 755 1154 822 cst,
1178 756 1213 808 ut
1234 751 1366 826 aquosis
1441 748 1446 819 i

251 850 381 925 intelligi
398 854 510 926 posset.
544 847 603 908 Sed
620 869 680 908 uon
698 855 862 925 agnoscunt
878 850 934 908 viri
952 851 1034 909 docti
1056 851 1126 910 inde
1149 873 1167 912 a
1188 853 1282 930 primo
1298 859 1366 910 tern-
1441 886 1446 912 ι

251 973 334 1030 pore,
359 972 418 1029 quo
435 951 498 1010 baec
514 952 617 1010 fabula
634 953 693 1011 luci
712 951 830 1012 reddita
846 958 902 1027 est,
922 949 1188 1031 irapiemnoeds'am
1204 954 1366 1024 scribentes,

1442 765 1446 881 ι

1443 915 1446 953 ι

251 1056 333 1132 quod
360 1056 538 1114 recentiores
561 1054 623 1113 fere
645 1075 747 1114 ornnes
769 1061 799 1116 et
821 1062 917 1132 poetae
945 1063 975 1114 et
1003 1055 1146 1133 philologi
1176 1060 1270 1116 secuti
1296 1063 1366 1114 sunt.
1441 1038 1447 1116 l

251 1155 337 1216 Hanc
359 1162 394 1215 ut
416 1155 578 1216 defendant
603 1157 742 1231 formam,
772 1177 808 1216 ax
831 1157 936 1217 Graeca
962 1159 1066 1233 lingua
1093 1159 1231 1236 exempla
1256 1157 1368 1235 syllaba
1444 1119 1447 1187 i

252 1261 370 1318 extritoe
393 1259 535 1332 afferunt,
564 1265 599 1318 ut
626 1261 817 1337 ταρτημόριον,
845 1263 1008 1339 τὲιραχμον,
1031 1261 1182 1336 ἅμφορεύς,
1205 1261 1273 1320 alia.
1316 1259 1368 1318 Sed

251 1361 303 1420 illa
325 1361 469 1420 vocabula
492 1366 561 1420 sunt
584 1363 752 1439 quotidiani
775 1367 935 1436 sermonis,
964 1363 1003 1422 ad
1032 1383 1120 1442 quem
1149 1363 1211 1422 haec
1239 1383 1296 1422 vox
1316 1382 1368 1421 non
1447 1375 1448 1426 l

250 1466 397 1542 partinet,
426 1484 515 1541 quam
544 1465 669 1524 fortasse
697 1485 783 1524 nemo
812 1471 1013 1544 spectatorum
1041 1485 1182 1543 umquam
1212 1465 1366 1536 audiverat,

250 1585 314 1639 nec,
338 1567 396 1626 nisi
417 1567 505 1644 plene
528 1572 558 1626 et
579 1573 659 1626 recte
681 1567 810 1627 formata
829 1573 1057 1646 proponeretur,
1077 1569 1283 1628 intellecturus
1301 1573 1365 1626 erat

251 1669 418 1728 Retinenda
439 1671 532 1743 igitur
554 1675 600 1728 est
621 1669 755 1730 codicum
778 1674 935 1748 scriptura,
955 1691 1044 1747 quarn
1060 1671 1090 1729 b.
1108 1672 1127 1729 l.
1145 1691 1250 1730 versus
1265 1675 1365 1740 tuetur,
1447 1669 1448 1683 ¹

250 1793 318 1830 narn
341 1775 366 1831 si
393 1769 651 1847 „tragicomoedia“
676 1771 825 1845 scribitur,
851 1773 910 1832 alia
932 1793 1051 1851 quoque
1072 1773 1215 1832 mutanda
1238 1777 1318 1844 sunt,
1338 1775 1367 1828 ut
1450 1775 1451 1818 ἰ

250 1874 385 1934 Lindem.
411 1871 498 1946 ,fiat“
524 1893 580 1951 pro
607 1871 694 1946 „sit“,
718 1873 763 1933 1⁴¹1.
791 1877 848 1948 ,sit
865 1875 937 1934 haec
954 1872 1209 1950 tragicomoedia“.
1238 1875 1273 1933 In
1288 1893 1315 1932 r.
1332 1873 1363 1930 63
1450 1871 1451 1882 ¹

251 1981 349 2036 autern
372 1980 498 2054 apparet
519 1977 688 2052 permisisse
711 1976 769 2035 sibi
791 1977 906 2054 aliquid
928 1983 1064 2055 poetam,
1087 1983 1121 2035 ut
1143 1984 1196 2036 aut
1219 1978 1293 2037 duas
1313 1976 1363 2053 pri·

250 2099 313 2138 mas
334 2082 415 2137 vocis
438 2079 567 2154 syllabas
589 2079 621 2136 in
643 2098 734 2137 unum
757 2083 955 2153 contraxerit,
979 2085 1031 2139 aut
1052 2079 1170 2155 dactylo
1193 2083 1364 2156 anapestum

251 2180 449 2240 subiunxerit.

337 2285 376 2341 65
400 2303 464 2360 sqq.
499 2283 542 2343 Ut
562 2281 705 2342 iudicium
732 2301 849 2360 aequum
873 2289 903 2342 ot
925 2284 1035 2342 iustum
1056 2287 1110 2356 sit,
1134 2283 1292 2342 theatralis
1314 2303 1364 2341 am·

249 2385 327 2445 bitio
350 2385 482 2444 cohiberi
504 2384 601 2444 debet.
647 2383 695 2444 Sic
723 2386 813 2444 etiam
840 2389 872 2444 in
893 2386 1008 2445 Poenuli
1030 2387 1156 2464 prologo
1178 2405 1205 2445 v.
1232 2388 1271 2444 36
1293 2405 1363 2461 sqq.:

445 2487 591 2564 Quodque
613 2487 651 2546 ad
673 2487 811 2546 ludorum
834 2494 987 2547 curatores
1009 2491 1128 2562 attinet,

444 2589 489 2647 Ne
511 2591 610 2666 palma
633 2589 720 2648 detur
742 2592 904 2668 quoiquam
926 2589 1035 2650 artifici
1057 2592 1175 2664 iniuria,

444 2691 527 2748 Neue
550 2690 721 2751 ambitionis
743 2713 832 2751 causa
854 2692 1051 2752 extrudantur
1073 2693 1155 2766 foris,

445 2792 509 2864 Quo
532 2794 697 2852 deteriores
720 2799 949 2872 anteponantur,
973 2796 1054 2855 boni.

249 2898 355 2974 Operae
387 2899 518 2972 pretium
551 2901 597 2954 est
629 2898 881 2972 animadvertere,
910 2917 998 2974 quam
1028 2901 1145 2956 mature
1178 2896 1236 2955 boc
1265 2896 1360 2954 malurn

249 3005 348 3059 ortum
370 3003 419 3071 sit,
443 2998 525 3075 quod
546 3003 649 3076 postea
672 3014 789 3076 semper
810 2999 939 3074 gliscens
961 3019 1040 3077 saepe
1055 3000 1087 3058 in
1103 3002 1248 3057 maximos
1264 2997 1359 3056 tumul·

247 3108 296 3162 tus
319 3103 426 3180 erupit.
472 3101 549 3160 Nam
576 3100 613 3160 ab
641 3102 729 3160 initio
757 3103 823 3178 ipso
845 3102 983 3162 ludorum
1007 3103 1190 3161 scenicorum
1212 3101 1293 3179 apud
1311 3099 1359 3157 Ro-

248 3225 351 3264 manos
378 3210 412 3263 ut
440 3205 521 3282 apud
543 3202 662 3262 Graecos
690 3205 812 3281 praemia
842 3210 873 3262 et
898 3205 996 3280 poetis
1024 3210 1054 3263 et
1081 3204 1290 3276 histrionibus,
1317 3201 1359 3278 qui

228 3311 375 3367 ¹murima
397 3307 580 3385 placuerant,
603 3304 760 3379 dabantur,
783 3306 844 3364 vid.
856 3307 940 3366 Trin.
958 3327 985 3366 v.
1004 3309 1081 3366 706:
1109 3305 1228 3379 ,Facile
1244 3305 1357 3383 palmam

191 3401 193 3406 ¹
247 3411 354 3484 habee;
377 3410 425 3468 hic
447 3409 566 3481 victust,
590 3409 663 3467 vicit
685 3413 738 3466 tua
760 3406 935 3467 comoedia“.
971 3409 1057 3482 Quod
1078 3407 1134 3467 boc
1156 3408 1222 3466 loco
1246 3425 1357 3467 comme·

248 3517 381 3571 moratur
402 3512 537 3570 victoriae
558 3512 684 3586 signum,
707 3512 816 3589 palma,
839 3511 870 3569 id
890 3512 949 3570 iam
968 3517 1037 3570 ante
1054 3511 1166 3568 multos
1182 3529 1275 3570 annos
1291 3507 1357 3586 apud

247 3615 398 3674 Romanos
420 3616 451 3673 in
473 3633 529 3672 usu
551 3615 661 3686 fuerat,
686 3613 710 3671 ei
733 3613 853 3689 quidem
875 3615 907 3672 in
928 3613 1109 3672 circensibus
1137 3613 1215 3671 ludis
1244 3633 1314 3672 auno
1333 3632 1354 3668 a.

248 3716 316 3775 Chr.
329 3719 389 3776 293
408 3716 519 3775 habitis
530 3716 634 3775 Livius
645 3715 683 3788 X,
696 3717 747 3788 47,
762 3717 795 3774 3:
817 3714 960 3794 ,palmse“
982 3721 1027 3775 ait
1041 3721 1122 3788 „turn
1134 3719 1263 3792 primunr
1274 3720 1355 3773 trans·

247 3820 309 3878 lato
326 3817 470 3878 eGraecia
490 3839 573 3877 mora
595 3817 758 3877 victoribus
775 3816 883 3877 datae“.
917 3818 1037 3877 Dabant
1053 3824 1207 3878 curatores
1223 3819 1353 3890 ludorum,
1450 3841 1451 3908 ,

247 3925 309 3980 eive
337 3921 439 3980 aediles
466 3923 527 3980 sive
555 3927 699 3999 praetoree
727 3922 789 3980 sive
817 3923 869 3998 qui
897 3921 949 3979 alii
978 3927 1076 3994 erant,
1106 3921 1158 3980 sed
1186 3920 1224 3978 ab
1252 3939 1354 3978 assensu
1450 3911 1451 3968 l

248 4029 278 4082 et
300 4023 408 4099 plausu
430 4025 534 4101 populi
555 4043 692 4100 magnam
713 4031 831 4102 partem
858 4025 1002 4084 iudicium
1025 4043 1128 4082 eorum
1149 4022 1308 4100 pendebat,
1327 4026 1354 4080 ut

248 4127 336 4184 etiarn
363 4128 481 4203 praemii
509 4147 597 4184 causa
623 4127 672 4185 vel
698 4127 860 4186 histriones
885 4127 943 4203 ipsi
965 4126 1013 4184 vel
1035 4126 1167 4184 fautores
1189 4145 1290 4184 corum
1307 4125 1352 4184 sibi
1450 4111 1451 4140 '

247 4228 401 4306 plausores
435 4247 525 4305 quam
554 4229 700 4308 plurimos
731 4234 946 4305 comparerent.
991 4228 1087 4286 Huius
1115 4229 1286 4287 ambitionis
1307 4227 1351 4286 tol·

246 4330 342 4388 lendae
365 4349 454 4388 causa
472 4330 500 4388 h.
519 4331 539 4390 l.
559 4350 637 4388 nova
654 4334 731 4388 ratio
748 4334 945 4404 excogitatur,
963 4335 997 4388 ut
1014 4335 1232 4408 conquisitores
1250 4331 1350 4408 quiden
