2976 5056
566 484 598 538 V.
616 487 761 542 882-861.
1167 493 1229 554 317

80 694 227 752 personae
255 679 458 738 accusativum
480 677 537 736 sibi
559 679 705 754 adsciscit,
729 682 766 740 cf.
790 679 855 740 Mil.
880 681 957 740 394:
991 679 1056 754 „Ita
1084 701 1131 740 me
1158 683 1229 742 insi·

82 778 238 837 muletam
275 799 436 856 perperam
468 779 576 840 t'slsum
610 801 675 842 esse
708 779 884 842 somniaui“.
937 783 994 854 Qui
1027 783 1109 842 locus
1139 787 1229 844 etiam

81 879 199 940 suadet
236 887 274 941 nt
306 883 487 940 retineamus
516 883 650 944 codicum
681 887 862 964 scripturam
890 879 1017 958 salsum.
1062 883 1164 946 Fleck.
1194 907 1230 946 ex

81 981 298 1042 Lindemanni
321 985 396 1042 coni.
420 983 466 1042 ed.
493 983 618 1060 „falso“,
643 986 679 1046 cl.
703 987 781 1046 infra
804 989 876 1046 881.
900 987 964 1046 Mil.
986 989 1063 1046 299:
1091 991 1134 1062 „si
1155 988 1231 1048 falso

81 1085 254 1146 insimulas
271 1083 554 1148 Philocomasium“.
578 1119 620 1128 —
643 1090 714 1148 853.
739 1083 902 1150 Naucrate
924 1090 1059 1150 ultimam
1080 1090 1229 1168 producit,

82 1189 143 1245 nisi
167 1190 258 1249 forte
280 1209 347 1248 cum
370 1189 457 1248 Both.
481 1195 511 1248 st
534 1211 616 1269 seqq.
640 1191 913 1268 transponendum:
940 1193 990 1266 „id
1012 1190 1169 1271 cognato“.

181 1495 260 1556 854.
284 1498 396 1556 lterum
417 1498 554 1574 luppiter
581 1496 717 1570 advenit,
746 1498 875 1574 primum
906 1497 1009 1558 turbas
1032 1501 1062 1558 in
1086 1521 1232 1560 summum

86 1603 259 1674 aucturus,
283 1599 392 1658 deinde
416 1601 517 1658 omnia
539 1619 595 1678 pro
617 1600 737 1658 numine
767 1619 821 1658 suo
844 1600 1056 1678 explicaturus.
1101 1602 1232 1660 Advenit

88 1707 199 1759 autem
224 1701 452 1780 Amphitryonis
476 1721 633 1780 personam
655 1721 769 1778 gerens.
815 1701 913 1773 Quare
935 1723 972 1760 ue
996 1707 1096 1762 errent
1117 1711 1233 1780 specta·

88 1807 189 1878 tores,
215 1804 324 1862 histrio
346 1809 449 1863 narrat
470 1825 502 1864 se
524 1803 771 1881 Amphitryonem
795 1823 859 1862 esse
881 1823 940 1862 uon
963 1823 1038 1878 sum,
1063 1806 1115 1882 qui
1137 1825 1234 1882 nuper

91 1925 163 1964 cum
189 1907 279 1966 Sosia
300 1927 387 1966 servo
410 1905 553 1980 adfuerit,
578 1905 629 1964 sed
652 1925 734 1978 eum,
764 1905 849 1962 cuius
877 1925 981 1964 servus
1010 1907 1050 1966 sit
1077 1907 1154 1966 alter
1182 1908 1234 1966 ille

91 2006 201 2084 Sosia,
231 2010 285 2086 qui
312 2010 434 2086 proprie
456 2008 622 2069 Mercurius
650 2009 704 2081 sit;
735 2027 766 2066 se
794 2006 915 2084 quidem
938 2009 969 2066 in
998 2008 1068 2068 caelo
1096 2008 1234 2068 habitare

94 2107 175 2168 dicit
216 2117 263 2186 et,
303 2111 426 2187 quando
459 2112 546 2184 velit,
582 2131 618 2170 ex
650 2109 867 2186 Amphitryone
900 2110 1001 2170 lovem
1034 2108 1109 2169 fieri.
1176 2111 1236 2171 Sed

95 2212 224 2272 ridiculi
247 2233 337 2272 causa
358 2233 476 2290 semper
498 2233 566 2272 suas
595 2231 713 2290 quoque
740 2232 789 2270 res
816 2211 924 2271 histrio
954 2214 1060 2289 tangit,
1089 2232 1235 2291 suumque

98 2311 287 2374 domicilium
312 2334 545 2374 commemorans
567 2313 609 2374 ibi
632 2334 750 2392 quoque
773 2315 836 2372 cali
859 2314 1083 2373 similitudinem
1110 2316 1234 2374 invenit.

97 2415 269 2476 Habitabat
297 2419 376 2476 enim
403 2437 568 2496 pauperum
598 2435 681 2476 more
708 2417 740 2474 in
762 2417 915 2492 superiore
944 2415 1052 2475 aedium
1080 2421 1181 2494 parte,
1205 2418 1236 2474 in

97 2516 267 2596 arepertore
301 2513 455 2579 cenaculo
506 2518 550 2577 De
584 2538 643 2596 quo
674 2538 740 2577 voc.
769 2517 829 2577 vid.
854 2517 950 2578 Varro
974 2517 1007 2578 L.
1033 2517 1067 2578 L.
1092 2517 1132 2590 V,
1160 2520 1234 2577 162:

104 2621 187 2692 „Ubi
215 2620 374 2694 cauabant,
410 2620 581 2679 cenaculum
607 2619 790 2678 vocitabant.
832 2619 993 2697 Postquam
1022 2622 1054 2680 in
1083 2622 1237 2697 superiore

101 2729 192 2797 parts
220 2723 351 2782 renitere
381 2726 557 2798 coeperunt,
592 2722 754 2799 superioris
782 2722 888 2780 domus
922 2724 1062 2782 universa
1095 2723 1237 2783 cenacula

104 2824 216 2885 dicte“.
251 2825 318 2885 Liv.
331 2819 473 2896 11ΧΧ1Χ,Ι
489 2825 536 2898 14,
550 2826 583 2883 2:
611 2823 808 2896 „Ceuaculum
832 2845 923 2902 super
945 2824 1033 2882 aedes
1055 2823 1157 2884 datum
1183 2833 1236 2899 est,

105 2929 193 2988 scalis
220 2926 388 2987 ferentibus
415 2929 446 2985 in
474 2924 627 3004 publicum
656 2925 815 2999 obseratis,
840 2927 923 2986 aditu
945 2929 976 2985 in
1000 2927 1090 2985 aedes
1118 2925 1236 2986 verso“.

106 3027 185 3100 Quid
214 3028 295 3110 quod
316 3027 432 3087 Ennius
461 3031 552 3087 etiem
578 3029 610 3086 in
631 3027 798 3087 Annalibus
827 3025 868 3100 (v.
894 3026 946 3100 61)
977 3028 1081 3086 eadem
1110 3029 1238 3105 imagine

107 3151 178 3192 usus
206 3131 365 3206 „cenacula
387 3133 516 3188 maxima
540 3127 631 3188 caeli“
658 3129 742 3188 dixit.

194 3235 266 3292 854.
291 3228 342 3292 cui
358 3232 392 3305 Β,
416 3227 503 3292 cuius
526 3230 612 3290 codd.
637 3231 711 3290 dett.
743 3231 831 3290 Both.
855 3230 900 3288 Fl.
924 3261 967 3270 -—
991 3232 1063 3288 856.
1086 3229 1159 3288 Post
1183 3227 1238 3306 qui

108 3334 216 3394 hiatur.
241 3365 282 3376 -
307 3336 378 3393 858.
408 3348 500 3410 quom
527 3327 681 3408 extemplo
710 3328 777 3405 (em.
807 3331 855 3390 ed.
883 3328 1014 3404 Pam),
1047 3332 1067 3388 i.
1093 3351 1117 3388 e.
1148 3351 1239 3407 quum

108 3442 248 3512 primum,
272 3436 308 3494 cf.
331 3437 414 3494 Asin.
439 3436 510 3494 439.
535 3433 640 3494 Bacch.
662 3437 732 3493 300.
757 3434 842 3510 Capt.
863 3435 934 3492 432.
959 3433 1049 3492 Most.
1070 3434 1119 3492 98.
1143 3433 1238 3490 Merc.

111 3541 181 3598 201.
204 3537 312 3598 Pseud.
328 3540 397 3596 800.
421 3535 503 3595 Trin.
517 3537 588 3594 242.
608 3565 652 3576 —-
673 3531 843 3594 aduentum
865 3530 998 3610 adporto
1020 3534 1142 3592 insolite
1165 3532 1239 3592 dici-

110 3645 172 3716 tur,
202 3661 258 3700 nec
280 3645 383 3698 tamen
405 3640 456 3710 ita,
486 3644 520 3697 ut
548 3637 764 3696 dubitationem
792 3654 911 3694 movere
941 3635 1057 3694 debeat.
1102 3634 1180 3694 Attii
1204 3655 1240 3694 ex

111 3741 280 3800 Philocteta
306 3761 411 3800 versus
439 3745 498 3798 cst:
537 3737 627 3812 „Quis
655 3744 689 3796 tu
722 3759 753 3796 es
786 3736 937 3809 mortalis,
973 3741 1024 3814 qui
1057 3737 1089 3824 in
1122 3735 1242 3795 deserta

112 3843 236 3903 Lemnia
259 3849 290 3900 et
311 3849 417 3919 tesqua
438 3847 468 3899 ts
491 3839 635 3918 adportes
652 3837 756 3900 loca‘?“
794 3838 957 3897 Lambinus
980 3839 1165 3917 comparavit
1182 3837 1240 3898 Lu-

113 3949 275 4004 cretianum
305 3941 373 4017 (lv,
399 3941 493 4018 1234)
526 3941 674 4017 „adfigere
703 3938 893 4000 adhaesum“.
919 3971 956 3980 -
986 3942 1057 3999 861.
1081 3935 1133 4000 Ne
1156 3937 1241 4001 ioco-

113 4043 217 4109 hatam
247 4041 421 4122 tronsiyam
449 4040 653 4118 comoediam,
677 4045 696 4102 i.
722 4063 746 4102 e.
770 4063 807 4102 ne
830 4044 1035 4121 imperfectam
1063 4042 1240 4120 relinquam.

115 4144 319 4226 Transiyitur
344 4147 488 4206 comoedia
509 4151 544 4204 ut
572 4147 648 4218 vita,
679 4150 764 4218 setas,
788 4150 922 4222 tempus3
945 4165 998 4202 nec
1022 4143 1109 4202 ahter
1132 4143 1241 4202 Pseud.

117 4253 189 4310 566:
217 4249 312 4322 „hanc
334 4248 466 4306 fabulam
488 4246 558 4305 dum
579 4245 778 4325 transigam“;
801 4246 855 4305 sed
876 4245 1083 4324 nihilomagis
1104 4243 1243 4304 absoluta

116 4358 171 4424 cet,
200 4353 259 4409 uisi
290 4355 464 4426 argumento
491 4349 640 4427 explicato
663 4353 694 4408 et
715 4349 754 4406 ad
776 4367 862 4407 suum
886 4348 998 4406 exitum
1020 4345 1176 4425 perducto.
1199 4375 1243 4388 -
