2956 5018
115 509 308 582 ΠΙΜθ-Βθ
607 519 744 575 Asinaria

586 707 764 774 Leonida

111 807 293 894 OLibano‚
315 819 354 880 nt
375 813 476 879 miser
496 819 548 880 'eei
569 815 667 881 homo
690 815 747 899 qui
769 822 868 882 amat.

500 1032 504 1042 q
585 943 763 1010 Libanus

878 1029 982 1098 Immo
1004 1031 1116 1099 hercle
1137 1057 1217 1102 uero

107 1132 168 1210 Qui
190 1137 316 1220 pendet
337 1137 475 1204 multost
496 1138 655 1204 miserior.

583 1244 764 1311 Leonida

673 1351 748 1418 Soio
771 1353 828 1437 qui
852 1353 1012 1437 periclum
1032 1354 1106 1422 feei.
1187 1365 1239 1420 610

106 1454 412 1542 Circnmaietamus3
435 1461 523 1527 alter
543 1461 630 1541 hino,
654 1461 731 1526 hine
753 1460 841 1527 alter
863 1461 1075 1547 appellemna

585 1568 762 1634 Libanus

103 1669 180 1756 Ere,
199 1675 300 1743 salue.
328 1675 394 1743 Sed
410 1699 489 1743 num
505 1675 613 1743 fumus
631 1676 906 1743 eothaeomulier
918 1698 1016 1762 quam
1027 1679 1239 1764 amplexare?

104 1863 270 1942 Quidum?
548 1783 799 1868 Argyrippus

583 1977 762 2043 Libanus

281 2083 368 2163 Quia
389 2083 476 2149 oonli
497 2089 574 2148 sunt
594 2083 657 2149 tibi
679 2084 909 2164 laornmantes,
932 2105 971 2149 eo
993 2085 1118 2166 rogaui.

545 2213 799 2298 Argyrippus

105 2316 266 2389 Patronus
290 2323 347 2408 qni
369 2319 463 2387 nobis
485 2318 549 2386 fuit
570 2321 710 2402 fuimns,
732 2319 932 2405 perdidistis.

585 2450 738 2516 Libanu

107 2556 266 2644 Equidem
288 2559 399 2626 hercle
420 2557 548 2625 nullum
569 2559 715 2642 perdidi,
737 2474 813 2625 isdeo
835 2560 913 2643 quia
934 2579 1112 2643 numquam
1132 2559 1237 2626 ullum

824 2664 937 2732 habui.
1184 2667 1236 2720 615

582 2772 763 2839 Leonida

106 2857 321 2940 Philaenium,
344 2859 446 2925 salue.

542 2962 800 3030 Philaenium

465 3070 601 3137 Dabunt
623 3071 658 3136 di
680 3093 764 3156 quae
786 3071 897 3138 uelitis
918 3071 1024 3137 uobis.

581 3178 763 3244 Leonida
802 3257 810 3273 ἱ

107 3285 243 3354 Noctem
265 3293 360 3352 tuam
382 3291 416 3352 ei
436 3287 506 3352 uini
528 3285 646 3352 cadum
667 3287 777 3368 uelim,
798 3287 827 3354 ei
847 3292 964 3371 optata
984 3283 1076 3352 fiant.

543 3393 796 3480 Argyrippus

11 3571 18 3606 θ
107 3501 250 3569 Uorbum
275 3521 358 3567 eane
378 3500 475 3581 saxia,
495 3500 646 3567 nerbono.

580 3607 761 3675 Leonida

640 3716 714 3781 Tibi
736 3714 898 3800 equidem,
921 3736 989 3781 non
1009 3716 1099 3798 mihi,
1122 3722 1210 3800 opto.

544 3822 795 3907 Argyrippus

108 3931 187 3997 Tum
208 3935 247 3996 tn
268 3930 370 4014 igitur
391 3929 525 4015 loquere
548 3929 636 4014 quod
656 3929 759 3996 lubet.

580 4035 760 4102 Leonida

764 4143 861 4212 Hune
882 4144 993 4210 hercle
1014 4145 1202 4211 uerberare.

108 4299 310 4311 ——n—

995 4477 1028 4532 8*
