2960 5038
567 511 777 580 Prolegomena

640 784 707 866 lx.

564 958 617 1034 lle
652 957 780 1036 hiatu.

181 1219 279 1291 Quod
301 1239 398 1298 nuper
420 1221 712 1280 commemoravimus
734 1221 814 1278 intra
837 1219 968 1278 eiusdem
990 1219 1074 1278 verbi
1092 1219 1236 1278 ambitum

85 1321 377 1381 contrahendarum
405 1323 552 1380 vocalium
577 1325 782 1399 contiguarum
815 1323 962 1393 studium,
992 1322 1024 1379 id
1051 1342 1112 1381 non
1139 1324 1236 1380 minus

86 1421 144 1480 sed
181 1424 286 1500 magis
319 1427 408 1483 etiam
442 1427 625 1503 perspicitur
652 1427 684 1483 in
712 1425 873 1484 verborum
902 1445 1055 1486 concursu.
1100 1425 1176 1482 Nam
1204 1426 1236 1482 in

86 1524 197 1583 medio
224 1526 372 1585 vocabulo
394 1547 472 1603 sape
495 1534 623 1604 atraque
645 1527 757 1586 vocalis
779 1528 827 1585 vel
849 1529 986 1603 coniungi
1006 1527 1054 1584 vel
1073 1529 1247 1603 separatim

88 1631 297 1704 pronuntiari
318 1636 418 1706 potest
442 1627 483 1706 (p.
498 1633 559 1688 212
578 1626 647 1708 sq),
675 1627 876 1702 ,mehercule·“
903 1631 1004 1700 etiam,
1031 1626 1234 1702 ,circumire“,

93 1729 270 1800 „introire“
286 1732 417 1808 legitime
430 1731 569 1790 dicuntur
582 1729 622 1806 (v.
637 1732 766 1810 Spengel
778 1752 807 1810 p.
821 1729 896 1803 216)
907 1755 914 1804 ;
927 1732 979 1790 sed
991 1730 1235 1792 concurrentibus

91 1832 222 1893 duabus
234 1834 366 1907 vocibus,
375 1854 501 1912 quarum
515 1835 611 1894 altera
622 1837 652 1893 in
663 1835 795 1894 vocalem
808 1836 911 1904 exiret,
921 1835 1017 1893 altera
1028 1855 1046 1893 a
1056 1835 1152 1893 vocali
1164 1817 1235 1892 inciss

91 1943 195 2012 peret,
222 1937 349 1995 Latinus
371 1957 467 1996 sermo
491 1937 596 1996 saltem
619 1937 783 2014 elegantius
806 1937 1000 2014 loquentibus
1023 1957 1088 1996 eam
1105 1955 1234 2016 pronun·

92 2039 200 2098 tiandi
226 2041 371 2097 rationem
393 2039 592 2116 improbabat,
617 2059 682 2116 quae
705 2045 861 2116 utramque
883 2040 1017 2099 vocalem
1035 2058 1117 2115 aque
1137 2038 1235 2115 expri-

92 2149 208 2201 meret.
259 2140 360 2214 „Hoc“
391 2145 491 2218 inquit
512 2142 615 2202 (licere
638 2142 721 2201 Orat.
746 2143 802 2214 44,
829 2143 888 2202 150
915 2141 1043 2214 ,Latina
1067 2141 1170 2217 lingua
1193 2142 1235 2200 sic

96 2245 256 2316 observat,
279 2264 364 2303 nemo
382 2249 417 2302 at
433 2250 495 2302 tarn
513 2247 643 2304 rusticus
661 2247 710 2317 sit,
729 2247 780 2322 qui
798 2244 917 2302 vocales
933 2243 1009 2304 nolit
1025 2239 1233 2317 coniungere“.

95 2346 219 2406 Graecis
241 2346 275 2404 id
296 2347 414 2405 licuisse
437 2348 664 2420 animadvertit,
691 2343 814 2420 ,nobis“
839 2347 937 2424 inquit
963 2365 1019 2419 „ne
1037 2347 1062 2403 si
1080 2345 1234 2421 cupiamus

98 2449 240 2524 quidem,
276 2447 444 2508 distrahere
477 2468 564 2507 voces
598 2449 781 2509 conceditur.
824 2449 963 2508 Indicant
996 2449 1147 2508 orationes
1174 2447 1235 2506 illas

98 2550 176 2627 ipaae
199 2551 362 2609 horridula
386 2550 522 2622 Catonis,
546 2551 680 2611 indicant
698 2571 808 2614 ,omnes
829 2557 926 2629 poetae
948 2557 1057 2629 praeter
1086 2571 1150 2622 eos,
1175 2551 1234 2627 qui,

100 2657 137 2710 ut
153 2673 276 2712 versum
293 2646 434 2726 iacerent,
453 2673 531 2732 sepe
554 2654 686 2726 hiabant,
709 2660 744 2713 nt
755 2653 888 2714 Naevius:
913 2654 991 2727 ,Vos
1009 2655 1060 2730 qui
1080 2645 1084 2731 l
1103 2652 1235 2711 accolitis

100 2754 243 2814 Histrum
265 2756 388 2814 fluvium
417 2761 508 2833 atque
537 2753 684 2833 algidam“
717 2761 747 2815 et
773 2755 901 2814 ibidem:
935 2755 1047 2828 „Quam
1073 2774 1235 2831 numquam

102 2857 274 2916 vobisGrai
299 2849 302 2936 l
327 2863 417 2934 atque
439 2856 592 2930 barbari“.
625 2859 666 2917 At
680 2857 794 2917 Ennius
818 2858 923 2916 semel:
951 2857 1069 2936 ,Scipio
1092 2854 1233 2930 invicte“,

103 2964 135 3016 et
158 2959 280 3037 quidem
301 2980 370 3019 uos:
398 2961 479 3033 ,Hoc
496 2967 581 3020 motu
597 2960 744 3018 radiantis
762 2961 860 3019 etesiae
877 2962 909 3017 in
926 2959 1003 3018 vada
1019 2958 1136 3039 ponti“.
1171 2959 1235 3018 Hoc

103 3060 185 3120 idem
218 3063 315 3120 nostri
348 3063 456 3140 saepius
489 3083 549 3122 non
581 3061 752 3122 tulissent“.
803 3062 848 3120 Ne
878 3061 1080 3133 Quintilianus
1114 3060 1234 3137 quidem

106 3160 173 3236 (IX,
192 3166 222 3236 4,
244 3165 282 3222 33
307 3161 387 3242 sqq.)
410 3165 522 3242 probat
548 3165 713 3236 ,vocalium
735 3183 918 3236 coneursum,
942 3163 1022 3240 quod
1045 3183 1136 3238 quum
1159 3165 1234 3221 acci·

106 3264 165 3338 dit,
189 3266 256 3325 hiat
278 3272 309 3326 et
331 3269 490 3325 intersistit
518 3273 549 3326 et
576 3269 661 3344 quasi
683 3267 803 3326 laborat
825 3263 954 3325 cratio“.
1004 3265 1089 3339 ,Non
1111 3262 1231 3322 tamen“

105 3369 204 3445 iuquit
235 3373 389 3427 oratorum
417 3372 558 3446 magister
590 3371 639 3442 „id
660 3375 695 3428 ut
718 3371 829 3429 crimen
851 3371 956 3443 ingens
978 3366 1235 3444 expavescendum

107 3476 164 3544 est,
189 3491 223 3528 ac
245 3473 346 3529 nescio
370 3473 561 3546 neglegentia
582 3473 614 3531 in
636 3473 692 3530 hoc
717 3493 753 3530 an
777 3471 948 3530 sollicitudo
971 3473 1011 3528 sit
1033 3471 1118 3547 peior
1141 3513 1232 3526 .....

106 3571 182 3632 Nam
203 3577 237 3630 et
260 3579 399 3632 coeuntes
416 3575 533 3646 littera,
552 3594 618 3650 quse
636 3575 799 3648 συναλοιφαὶ
817 3572 964 3644 dicuntur,
983 3575 1074 3630 etiam
1091 3571 1234 3628 leniorem

106 3675 221 3734 iaciunt
244 3677 422 3748 orationem,
448 3696 536 3753 quam
559 3677 584 3734 si
607 3678 706 3735 omnia
727 3675 819 3734 verba
840 3695 894 3734 suo
916 3673 975 3732 fine
1005 3673 1180 3743 eludantur,
1204 3677 1234 3731 et

106 3799 166 3837 uon
178 3796 340 3853 numquam
357 3778 457 3837 hiulca
474 3782 565 3837 etiam
585 3777 691 3837 decent
709 3778 881 3853 iaciuntque
901 3777 1048 3854 ampliora
1066 3773 1232 3853 quedam“.

107 3879 164 3940 Sed
188 3899 248 3956 quo
272 3880 440 3956 elegantior
461 3885 507 3938 est
528 3901 638 3952 sermo,
663 3901 697 3940 eo
720 3881 817 3938 minus
844 3879 960 3937 hiatum
982 3881 1106 3955 patitur.
1151 3877 1233 3935 Arri-

106 3981 209 4042 iiciosa
238 3983 336 4040 oratio
364 3985 495 4041 severior
523 3989 569 4041 ast
596 3985 627 4040 in
654 3983 711 4040 hae
739 4002 772 4039 re
802 4001 892 4058 quam
924 3981 1057 4057 vulgaris
1090 3979 1233 4055 loquendi

107 4087 198 4156 ratio,
232 4087 331 4160 poesis
364 4085 479 4144 hiatum
511 4086 636 4143 maxime
671 4090 859 4162 aspernatur.
911 4083 952 4141 Et
986 4082 1065 4158 apud
1092 4081 1231 4139 Plautum

108 4187 227 4263 quidem
257 4206 348 4263 quum
375 4208 435 4246 non
462 4187 550 4264 pauci
579 4187 679 4245 hiatus
701 4187 905 4259 inveniantur,
928 4187 959 4244 in
981 4184 1152 4263 prologis
1174 4183 1232 4240 fre-

109 4290 281 4366 quentiores
308 4295 377 4348 sunt
405 4309 494 4366 quam
518 4292 550 4347 in
572 4291 646 4366 ipsis
668 4289 788 4348 fabulis.
834 4289 919 4362 Quod
942 4290 968 4346 si
991 4289 1067 4365 quis,
1092 4291 1233 4364 quoniam

110 4391 224 4467 prologi
245 4391 381 4468 plerique
403 4391 480 4450 alius
507 4396 605 4468 poetae
634 4396 665 4449 et
692 4392 813 4450 serioris
836 4392 933 4450 etatis
955 4395 1040 4462 sunt,
1063 4389 1133 4450 inde
1156 4387 1232 4447 effici
