2956 5018
690 472 783 528 clauo
1130 472 1321 541 1‚1,ee-4⁷

517 674 519 680 '
605 664 871 729 Demaenetus

831 769 945 836 Redde
966 790 1100 854 operam
1121 769 1211 836 mihi.
1270 781 1318 834 45

218 880 284 946 Gur
305 880 368 946 hoo
391 901 449 963 ego
473 902 514 945 ex
535 885 569 946 te
592 900 758 964 quaeram,
782 886 841 974 aut
863 899 922 944 our
942 879 1075 944 miniter
1096 879 1166 960 tibi,

215 990 397 1073 Propterea
418 987 506 1071 quod
528 1009 579 1054 me
601 1009 667 1052 non
690 989 848 1054 scientem
870 987 1011 1054 feceris?

215 1097 282 1163 Aut
304 1118 363 1162 cur
385 1103 552 1180 postremo
574 1095 641 1161 filio
665 1117 882 1176 suscenseam,

215 1205 331 1270 Patres
353 1212 391 1270 ut
412 1204 538 1270 iaciunt
560 1205 686 1270 ceteri?

647 1313 824 1378 Libanus

694 1420 779 1500 Quid
800 1421 887 1485 istuc
909 1419 1040 1485 nouist'?

214 1529 366 1594 Demiror
389 1527 468 1612 quid
491 1528 542 1609 sit,
566 1534 600 1594 et
622 1550 685 1612 quo
709 1528 832 1594 euadat
854 1549 927 1592 sum
947 1527 982 1592 iu
1003 1533 1102 1592 metu.
1269 1529 1316 1582 50

314 1622 315 1627 ἵ
603 1635 870 1702 Demaenetus

213 1743 376 1828 Equidem
398 1745 465 1809 scio
487 1745 554 1810 iam
575 1744 661 1810 filius
682 1745 772 1829 quod
794 1751 997 1820 ametmeus

213 1852 325 1918 Istanc
347 1853 552 1918 meretricem
574 1875 592 1918 e
615 1875 774 1937 proxumo
795 1852 1009 1919 Philaenium.

213 1961 314 2027 Estne
336 1961 400 2026 hoc
421 1968 460 2026 ut
482 1961 564 2042 dico,
584 1961 733 2026 Libane?

644 2069 822 2134 Libanus

744 2177 881 2242 Rectam
902 2178 1008 2242 instas
1029 2178 1132 2260 uiam;

212 2285 263 2350 Ea
283 2305 337 2350 res
359 2291 424 2366 est3
446 2284 504 2350 sed
526 2306 601 2350 eum
622 2285 755 2350 morbus
778 2286 900 2350 inuasit
921 2287 1041 2369 grauis.

598 2394 868 2459 Demaenetus

212 2502 298 2581 Quid
319 2500 481 2568 morbist?

645 2608 822 2674 Libanus

488 2717 572 2796 Quia
593 2738 659 2782 uon
682 2725 863 2802 suppetunt
885 2718 983 2784 dictis
1005 2717 1092 2784 data
1266 2723 1307 2775 55

598 2823 867 2892 Demaenetus

212 2932 303 2997 Tune
326 2953 360 2998 es
383 2933 514 2999 adiutor
535 2953 623 2997 nuuc
644 2935 769 2999 amanti
791 2932 881 2998 filio?

647 3041 822 3107 Libanus

214 3147 292 3214 Sum
313 3169 402 3230 uero,
426 3154 460 3214 et
482 3148 569 3214 alter
590 3155 702 3214 noster
725 3156 775 3214 est
796 3148 951 3214 Leonida.

601 3255 866 3322 Demaenetus

212 3363 303 3430 Beue
325 3363 434 3429 hercle
456 3362 577 3443 facitis,
602 3369 637 3428 et
658 3385 678 3428 a
700 3386 751 3430 me
773 3365 864 3429 initis
886 3365 1036 3445 gratiam.

212 3472 335 3540 Uerum
356 3493 462 3538 meam
484 3493 628 3552 uxorem,
650 3473 784 3554 Libane,
806 3473 913 3539 nescis
936 3472 1043 3556 qualis
1067 3473 1120 3540 sit.

646 3580 823 3646 Libanus

213 3689 262 3754 Tu
285 3687 409 3771 primus
432 3689 550 3768 sentis;
572 3708 633 3752 nos
654 3694 767 3753 tamen
788 3689 823 3754 in
844 3689 951 3772 pretio
973 3711 1095 3755 sumus.
1263 3695 1302 3749 60

601 3794 870 3862 Demaenetus

213 3903 334 3969 Fateor
355 3923 427 3968 eam
451 3923 521 3968 esse
543 3903 754 3987 inportunam
776 3908 876 3987 atque
897 3905 1145 3972 incommodam.

237 4091 311 4149 ΡΜ
324 4096 489 4244 ἓωῗὶθέκωᾶ
507 4183 550 4234 est
568 4183 616 4234 aut
633 4179 682 4233 ubi
698 4180 772 4234 istuc
790 4181 826 4235 sit
842 4197 951 4249 nequeo
968 4182 1103 4237 noscere?

323 4263 380 4320 Ubi
397 4263 467 4320 flent
484 4281 604 4334 nequam
620 4265 748 4322 homines
766 4267 814 4336 qui
830 4267 974 4336 polentam
990 4267 1136 4338 pinsitant

171 4352 205 4404 50
222 4351 322 4419 hortm
338 4357 406 4420 poet
423 4351 470 4404 82.
542 4353 575 4405 53
592 4351 701 4406 instans
769 4351 840 4408 Post
855 4368 879 4408 o.
900 4355 937 4408 54
960 4353 1060 4423 lecito
1077 4357 1120 4410 41.
1191 4355 1225 4410 59
1243 4355 1299 4412 siet
