2956 5018
104 485 307 555 uass-eo
609 487 746 542 sunau

549 675 800 743 Philaenium

101 783 151 850 De
174 785 273 869 palla
292 791 469 866 memento,
494 785 621 850 amabo.

542 892 811 958 Demaenetus

629 999 733 1066 Iuben
754 1000 841 1066 hanc
863 999 940 1066 hinc
963 999 1167 1068 abscedere?
1188 1011 1242 1066 930

544 1105 809 1191 [Philaenium

99 1215 206 1282 Immo
231 1217 323 1282 intus
346 1217 456 1302 potius
478 1237 615 1300 sequere
637 1215 701 1281 hac
722 1237 784 1297 me,
806 1217 851 1282 mi
873 1217 990 1284 anime.

542 1324 811 1390 Demaenetus

898 1431 969 1516 Ego
990 1455 1072 1499 uero
1095 1431 1239 1517 sequen]

571 1539 786 1606 Artemona

98 1625 114 1689 I
136 1625 288 1692 domum.

547 1731 804 1798 Philaenium

295 1841 347 1906 Da
369 1839 498 1905 sauium
520 1840 620 1905 etiam
642 1842 733 1925 prius
756 1861 856 1924 quam
878 1840 959 1908 abis.

542 1946 811 2014 Demaenetus

971 2034 988 2099 Ι
1010 2034 1044 2100 in
1067 2053 1207 2100 crucem.

574 2257 779 2268 ιιι-...-

600 2417 751 2486 GREX

101 2571 167 2638 Hic
191 2594 297 2639 senex
319 2573 348 2639 si
370 2571 450 2656 quid
472 2571 557 2637 clam
579 2593 715 2637 uxorem
737 2594 796 2638 suo
820 2574 928 2639 auimo
951 2572 1031 2639 fecit
1052 2573 1164 2657 uolup,

102 2678 222 2766 Neque
246 2702 369 2747 nouom
389 2701 496 2762 neque
514 2679 631 2745 mirum
648 2679 728 2746 fecit
743 2701 806 2746 nec
823 2701 917 2746 secus
934 2701 1034 2764 quam
1051 2680 1108 2746 alii
1124 2681 1242 2747 solent.

103 2786 175 2854 Nec
189 2789 401 2874 quisquamst
417 2793 487 2852 tam
503 2788 634 2872 ingenio
652 2786 734 2854 duro
752 2808 814 2854 nec
829 2793 900 2853 tam
915 2787 1010 2854 firmo
1027 2795 1172 2873 pectore,
1191 2795 1243 2850 935

105 2895 203 2978 Quin,
227 2895 286 2962 ubi
309 2897 450 2980 quicque
474 2895 656 2962 occasionis
679 2896 733 2976 sit,
755 2895 819 2961 eibi
840 2894 944 2962 faciat
965 2895 1059 2963 bene.

105 3001 203 3069 Nunc
228 3005 258 3068 si
279 3002 380 3069 uoltis
404 3002 577 3087 deprecari
598 3002 675 3068 huic
698 3003 769 3068 seni
789 3024 830 3069 ne
853 3004 999 3089 uapulet,

105 3107 233 3177 Remur
254 3111 417 3195 inpetrari
438 3131 544 3194 posse,
566 3110 719 3194 plausum
741 3111 769 3177 si
791 3110 918 3177 clarum
940 3110 1037 3177 datis.

179 4275 233 4328 932
251 4273 265 4326 I
283 4273 398 4328 domum
416 4270 586 4327 antecedenti
600 4275 696 4329 versui
711 4273 857 4330 affarent.
895 4271 966 4326 abiis
1022 4273 1073 4327 993
1091 4272 1245 4344 uoluptatis

113 4359 162 4414 996
180 4375 293 4428 quaque
361 4359 413 4412 998
431 4358 456 4411 si
472 4357 643 4440 pinsonis
