<?xml version="1.0" encoding="UTF-8"?>
<!DOCTYPE html PUBLIC "-//W3C//DTD XHTML 1.0 Transitional//EN"
    "http://www.w3.org/TR/xhtml1/DTD/xhtml1-transitional.dtd">
<html xmlns="http://www.w3.org/1999/xhtml" xml:lang="en" lang="en">
 <head>
  <title>
</title>
<meta http-equiv="Content-Type" content="text/html;charset=utf-8" />
  <meta name='ocr-system' content='tesseract 3.04.00' />
  <meta name='ocr-capabilities' content='ocr_page ocr_carea ocr_par ocr_line ocrx_word'/>
</head>
<body>
  <div class='ocr_page' id='page_1' title='image "./tmacciiplautico02ussigoog_0362.png"; bbox 0 0 2976 5056; ppageno 0'>
   <div class='ocr_carea' id='block_1_1' title="bbox 77 1587 1231 1906">
    <p class='ocr_par' dir='ltr' id='par_1_1' title="bbox 77 1587 1231 1906">
     <span class='ocr_line' id='line_1_1' title="bbox 77 1587 1230 1701; baseline 0.005 -23"><span class='ocrx_word' id='word_1_1' title='bbox 77 1587 272 1682; x_wconf 68' lang='lat' dir='ltr'>Asinariam</span> <span class='ocrx_word' id='word_1_2' title='bbox 295 1623 419 1682; x_wconf 87' lang='lat' dir='ltr'>Plautus</span> <span class='ocrx_word' id='word_1_3' title='bbox 441 1611 477 1680; x_wconf 84' lang='lat' dir='ltr'>ex</span> <span class='ocrx_word' id='word_1_4' title='bbox 499 1621 602 1683; x_wconf 82' lang='lat' dir='ltr'>Graeoa</span> <span class='ocrx_word' id='word_1_5' title='bbox 625 1623 796 1701; x_wconf 84' lang='lat' dir='ltr'>Damophili</span> <span class='ocrx_word' id='word_1_6' title='bbox 818 1625 971 1684; x_wconf 90' lang='lat' dir='ltr'>cuiusdam</span> <span class='ocrx_word' id='word_1_7' title='bbox 995 1625 1097 1684; x_wconf 80' lang='lat' dir='ltr'>fabula</span> <span class='ocrx_word' id='word_1_8' title='bbox 1120 1625 1230 1686; x_wconf 79' lang='lat' dir='ltr'>Latine</span> 
     </span>
     <span class='ocr_line' id='line_1_2' title="bbox 77 1723 1230 1803; baseline 0.009 -26"><span class='ocrx_word' id='word_1_9' title='bbox 77 1725 194 1783; x_wconf 84' lang='lat' dir='ltr'>vertit.</span> <span class='ocrx_word' id='word_1_10' title='bbox 235 1723 375 1784; x_wconf 71' lang='lat' dir='ltr'>Gnaeum</span> <span class='ocrx_word' id='word_1_11' title='bbox 390 1725 498 1785; x_wconf 82' lang='lat' dir='ltr'>fabulae</span> <span class='ocrx_word' id='word_1_12' title='bbox 515 1744 622 1784; x_wconf 93' lang='lat' dir='ltr'>nomen</span> <span class='ocrx_word' id='word_1_13' title='bbox 639 1725 751 1803; x_wconf 62' lang='grc' dir='ltr'><em>Ὀνηγός</em></span> <span class='ocrx_word' id='word_1_14' title='bbox 774 1731 855 1799; x_wconf 90' lang='lat' dir='ltr'>erat;</span> <span class='ocrx_word' id='word_1_15' title='bbox 877 1725 1001 1786; x_wconf 89' lang='lat' dir='ltr'>Plautus</span> <span class='ocrx_word' id='word_1_16' title='bbox 1026 1727 1063 1786; x_wconf 88' lang='lat' dir='ltr'>ad</span> <span class='ocrx_word' id='word_1_17' title='bbox 1086 1731 1132 1787; x_wconf 91' lang='lat' dir='ltr'>sui</span> <span class='ocrx_word' id='word_1_18' title='bbox 1155 1733 1230 1787; x_wconf 88' lang='lat' dir='ltr'>tem·</span> 
     </span>
     <span class='ocr_line' id='line_1_3' title="bbox 78 1821 1231 1906; baseline 0.004 -24"><span class='ocrx_word' id='word_1_19' title='bbox 78 1826 169 1901; x_wconf 86' lang='lat' dir='ltr'>poris</span> <span class='ocrx_word' id='word_1_20' title='bbox 195 1847 317 1888; x_wconf 88' lang='lat' dir='ltr'>morem</span> <span class='ocrx_word' id='word_1_21' title='bbox 334 1821 521 1888; x_wconf 69' lang='lat' dir='ltr'>Asinariam</span> <span class='ocrx_word' id='word_1_22' title='bbox 543 1827 707 1906; x_wconf 83' lang='lat' dir='ltr'>appellarit</span> <span class='ocrx_word' id='word_1_23' title='bbox 730 1824 783 1902; x_wconf 87' lang='lat' dir='ltr'>(se.</span> <span class='ocrx_word' id='word_1_24' title='bbox 804 1825 959 1902; x_wconf 78' lang='lat' dir='ltr'>fabulam),</span> <span class='ocrx_word' id='word_1_25' title='bbox 983 1831 1003 1888; x_wconf 91' lang='lat' dir='ltr'>i.</span> <span class='ocrx_word' id='word_1_26' title='bbox 1022 1849 1047 1887; x_wconf 90' lang='lat' dir='ltr'>e.</span> <span class='ocrx_word' id='word_1_27' title='bbox 1068 1831 1100 1887; x_wconf 95' lang='lat' dir='ltr'>in</span> <span class='ocrx_word' id='word_1_28' title='bbox 1118 1849 1177 1906; x_wconf 88' lang='lat' dir='ltr'>qua</span> <span class='ocrx_word' id='word_1_29' title='bbox 1195 1829 1231 1888; x_wconf 91' lang='lat' dir='ltr'>de</span> 
     </span>
    </p>
   </div>
   <div class='ocr_carea' id='block_1_2' title="bbox 29 1929 1235 4464">
    <p class='ocr_par' dir='ltr' id='par_1_2' title="bbox 29 1929 1235 4464">
     <span class='ocr_line' id='line_1_4' title="bbox 82 1929 1231 2008; baseline 0.005 -24"><span class='ocrx_word' id='word_1_30' title='bbox 82 1929 184 1988; x_wconf 88' lang='lat' dir='ltr'>asinis</span> <span class='ocrx_word' id='word_1_31' title='bbox 214 1933 331 2008; x_wconf 76' lang='lat' dir='ltr'>agitur,</span> <span class='ocrx_word' id='word_1_32' title='bbox 360 1929 490 1988; x_wconf 87' lang='lat' dir='ltr'>venditis</span> <span class='ocrx_word' id='word_1_33' title='bbox 517 1929 646 2002; x_wconf 88' lang='lat' dir='ltr'>scilicet,</span> <span class='ocrx_word' id='word_1_34' title='bbox 676 1931 723 1988; x_wconf 85' lang='lat' dir='ltr'>vel</span> <span class='ocrx_word' id='word_1_35' title='bbox 750 1931 851 2008; x_wconf 88' lang='lat' dir='ltr'>potius</span> <span class='ocrx_word' id='word_1_36' title='bbox 874 1931 910 1990; x_wconf 94' lang='lat' dir='ltr'>de</span> <span class='ocrx_word' id='word_1_37' title='bbox 932 1931 1060 2008; x_wconf 90' lang='lat' dir='ltr'>pecunia</span> <span class='ocrx_word' id='word_1_38' title='bbox 1082 1951 1118 1989; x_wconf 85' lang='lat' dir='ltr'>ex</span> <span class='ocrx_word' id='word_1_39' title='bbox 1140 1931 1231 1990; x_wconf 90' lang='lat' dir='ltr'>asinis</span> 
     </span>
     <span class='ocr_line' id='line_1_5' title="bbox 82 2031 1232 2109; baseline 0.004 -23"><span class='ocrx_word' id='word_1_40' title='bbox 82 2031 232 2092; x_wconf 78' lang='lat' dir='ltr'>venditis</span> <span class='ocrx_word' id='word_1_41' title='bbox 253 2033 385 2105; x_wconf 88' lang='lat' dir='ltr'>redacta,</span> <span class='ocrx_word' id='word_1_42' title='bbox 409 2051 499 2109; x_wconf 92' lang='lat' dir='ltr'>quam</span> <span class='ocrx_word' id='word_1_43' title='bbox 521 2050 674 2090; x_wconf 83' lang='lat' dir='ltr'>servorum</span> <span class='ocrx_word' id='word_1_44' title='bbox 694 2032 844 2092; x_wconf 76' lang='lat' dir='ltr'>calliditas</span> <span class='ocrx_word' id='word_1_45' title='bbox 862 2033 951 2093; x_wconf 91' lang='lat' dir='ltr'>herili</span> <span class='ocrx_word' id='word_1_46' title='bbox 967 2031 1031 2092; x_wconf 87' lang='lat' dir='ltr'>filio</span> <span class='ocrx_word' id='word_1_47' title='bbox 1049 2032 1087 2092; x_wconf 89' lang='lat' dir='ltr'>ad</span> <span class='ocrx_word' id='word_1_48' title='bbox 1105 2035 1232 2092; x_wconf 80' lang='lat' dir='ltr'>amicam</span> 
     </span>
     <span class='ocr_line' id='line_1_6' title="bbox 84 2133 1232 2210; baseline 0.006 -23"><span class='ocrx_word' id='word_1_49' title='bbox 84 2135 255 2194; x_wconf 85' lang='lat' dir='ltr'>emendam</span> <span class='ocrx_word' id='word_1_50' title='bbox 282 2134 490 2194; x_wconf 75' lang='lat' dir='ltr'><strong>fraudulenter</strong></span> <span class='ocrx_word' id='word_1_51' title='bbox 518 2139 680 2210; x_wconf 89' lang='lat' dir='ltr'>comparat.</span> <span class='ocrx_word' id='word_1_52' title='bbox 726 2133 785 2193; x_wconf 86' lang='lat' dir='ltr'>Sed</span> <span class='ocrx_word' id='word_1_53' title='bbox 807 2137 838 2194; x_wconf 89' lang='lat' dir='ltr'>in</span> <span class='ocrx_word' id='word_1_54' title='bbox 860 2134 915 2194; x_wconf 90' lang='lat' dir='ltr'>hac</span> <span class='ocrx_word' id='word_1_55' title='bbox 938 2135 1040 2194; x_wconf 78' lang='lat' dir='ltr'>fabula</span> <span class='ocrx_word' id='word_1_56' title='bbox 1062 2155 1122 2193; x_wconf 93' lang='lat' dir='ltr'>non</span> <span class='ocrx_word' id='word_1_57' title='bbox 1145 2137 1232 2194; x_wconf 88' lang='lat' dir='ltr'>utin</span> 
     </span>
     <span class='ocr_line' id='line_1_7' title="bbox 86 2233 1231 2314; baseline 0.005 -24"><span class='ocrx_word' id='word_1_58' title='bbox 86 2233 254 2314; x_wconf 80' lang='lat' dir='ltr'>plerisque</span> <span class='ocrx_word' id='word_1_59' title='bbox 282 2237 350 2296; x_wconf 83' lang='lat' dir='ltr'>aliis</span> <span class='ocrx_word' id='word_1_60' title='bbox 376 2235 456 2295; x_wconf 82' lang='lat' dir='ltr'>filius</span> <span class='ocrx_word' id='word_1_61' title='bbox 484 2239 578 2294; x_wconf 92' lang='lat' dir='ltr'>amori</span> <span class='ocrx_word' id='word_1_62' title='bbox 607 2235 725 2295; x_wconf 89' lang='lat' dir='ltr'>deditus</span> <span class='ocrx_word' id='word_1_63' title='bbox 753 2241 870 2314; x_wconf 89' lang='lat' dir='ltr'>patrem</span> <span class='ocrx_word' id='word_1_64' title='bbox 899 2257 1034 2296; x_wconf 82' lang='lat' dir='ltr'>severum</span> <span class='ocrx_word' id='word_1_65' title='bbox 1057 2237 1231 2312; x_wconf 76' lang='lat' dir='ltr'>defraudat,</span> 
     </span>
     <span class='ocr_line' id='line_1_8' title="bbox 87 2337 1231 2418; baseline 0.003 -24"><span class='ocrx_word' id='word_1_66' title='bbox 87 2341 186 2413; x_wconf 87' lang='lat' dir='ltr'>pater</span> <span class='ocrx_word' id='word_1_67' title='bbox 216 2341 281 2418; x_wconf 92' lang='lat' dir='ltr'>ipse</span> <span class='ocrx_word' id='word_1_68' title='bbox 305 2357 365 2398; x_wconf 92' lang='lat' dir='ltr'>non</span> <span class='ocrx_word' id='word_1_69' title='bbox 392 2339 490 2397; x_wconf 90' lang='lat' dir='ltr'>minus</span> <span class='ocrx_word' id='word_1_70' title='bbox 513 2337 634 2396; x_wconf 87' lang='lat' dir='ltr'>libidini</span> <span class='ocrx_word' id='word_1_71' title='bbox 656 2338 852 2398; x_wconf 88' lang='lat' dir='ltr'>deditus&#39;nec</span> <span class='ocrx_word' id='word_1_72' title='bbox 874 2341 972 2398; x_wconf 91' lang='lat' dir='ltr'>minus</span> <span class='ocrx_word' id='word_1_73' title='bbox 996 2356 1085 2414; x_wconf 83' lang='lat' dir='ltr'>egens</span> <span class='ocrx_word' id='word_1_74' title='bbox 1107 2359 1231 2399; x_wconf 84' lang='lat' dir='ltr'>uxorem</span> 
     </span>
     <span class='ocr_line' id='line_1_9' title="bbox 90 2439 1231 2520; baseline 0.006 -26"><span class='ocrx_word' id='word_1_75' title='bbox 90 2455 233 2501; x_wconf 84' lang='lat' dir='ltr'>severam</span> <span class='ocrx_word' id='word_1_76' title='bbox 257 2445 288 2500; x_wconf 89' lang='lat' dir='ltr'>et</span> <span class='ocrx_word' id='word_1_77' title='bbox 309 2444 502 2520; x_wconf 76' lang='lat' dir='ltr'>pecuniosam</span> <span class='ocrx_word' id='word_1_78' title='bbox 529 2439 635 2499; x_wconf 84' lang='lat' dir='ltr'>fallere</span> <span class='ocrx_word' id='word_1_79' title='bbox 664 2440 765 2499; x_wconf 88' lang='lat' dir='ltr'>studet</span> <span class='ocrx_word' id='word_1_80' title='bbox 793 2439 908 2518; x_wconf 87' lang='lat' dir='ltr'>filiique</span> <span class='ocrx_word' id='word_1_81' title='bbox 937 2443 1079 2519; x_wconf 79' lang='lat' dir='ltr'>nequitiae</span> <span class='ocrx_word' id='word_1_82' title='bbox 1108 2447 1139 2501; x_wconf 86' lang='lat' dir='ltr'>et-</span> <span class='ocrx_word' id='word_1_83' title='bbox 1161 2461 1231 2501; x_wconf 90' lang='lat' dir='ltr'>con·</span> 
     </span>
     <span class='ocr_line' id='line_1_10' title="bbox 92 2541 1232 2622; baseline 0.006 -26"><span class='ocrx_word' id='word_1_84' title='bbox 92 2541 178 2602; x_wconf 87' lang='lat' dir='ltr'>scius</span> <span class='ocrx_word' id='word_1_85' title='bbox 207 2548 238 2602; x_wconf 92' lang='lat' dir='ltr'>et</span> <span class='ocrx_word' id='word_1_86' title='bbox 264 2543 385 2602; x_wconf 85' lang='lat' dir='ltr'>adiutor</span> <span class='ocrx_word' id='word_1_87' title='bbox 407 2548 438 2602; x_wconf 93' lang='lat' dir='ltr'>et</span> <span class='ocrx_word' id='word_1_88' title='bbox 459 2546 610 2621; x_wconf 76' lang='lat' dir='ltr'>particeps</span> <span class='ocrx_word' id='word_1_89' title='bbox 634 2547 686 2601; x_wconf 89' lang='lat' dir='ltr'>est.</span> <span class='ocrx_word' id='word_1_90' title='bbox 732 2543 921 2622; x_wconf 82' lang='lat' dir='ltr'>Argyrippus</span> <span class='ocrx_word' id='word_1_91' title='bbox 942 2545 1036 2622; x_wconf 80' lang='lat' dir='ltr'>igitur</span> <span class='ocrx_word' id='word_1_92' title='bbox 1059 2544 1232 2604; x_wconf 77' lang='lat' dir='ltr'>adulescens</span> 
     </span>
     <span class='ocr_line' id='line_1_11' title="bbox 93 2639 1232 2720; baseline 0.002 -17"><span class='ocrx_word' id='word_1_93' title='bbox 93 2639 278 2705; x_wconf 76' lang='lat' dir='ltr'>Philaenium</span> <span class='ocrx_word' id='word_1_94' title='bbox 300 2647 503 2718; x_wconf 83' lang='lat' dir='ltr'>meretricem,</span> <span class='ocrx_word' id='word_1_95' title='bbox 528 2643 671 2704; x_wconf 80' lang='lat' dir='ltr'>Clearetae</span> <span class='ocrx_word' id='word_1_96' title='bbox 690 2645 767 2706; x_wconf 61' lang='lat' dir='ltr'>,lcnae</span> <span class='ocrx_word' id='word_1_97' title='bbox 790 2645 897 2720; x_wconf 86' lang='lat' dir='ltr'>filiam,</span> <span class='ocrx_word' id='word_1_98' title='bbox 922 2652 1009 2705; x_wconf 89' lang='lat' dir='ltr'>amat.</span> <span class='ocrx_word' id='word_1_99' title='bbox 1055 2645 1150 2705; x_wconf 89' lang='lat' dir='ltr'>Donis</span> <span class='ocrx_word' id='word_1_100' title='bbox 1173 2665 1232 2705; x_wconf 92' lang='lat' dir='ltr'>non</span> 
     </span>
     <span class='ocr_line' id='line_1_12' title="bbox 95 2746 1233 2827; baseline 0.004 -24"><span class='ocrx_word' id='word_1_101' title='bbox 95 2763 227 2821; x_wconf 87' lang='lat' dir='ltr'>parcens</span> <span class='ocrx_word' id='word_1_102' title='bbox 256 2767 322 2807; x_wconf 90' lang='lat' dir='ltr'>cum</span> <span class='ocrx_word' id='word_1_103' title='bbox 351 2768 386 2806; x_wconf 94' lang='lat' dir='ltr'>ea</span> <span class='ocrx_word' id='word_1_104' title='bbox 414 2746 599 2825; x_wconf 87' lang='lat' dir='ltr'>aliquamdiu</span> <span class='ocrx_word' id='word_1_105' title='bbox 627 2749 795 2820; x_wconf 88' lang='lat' dir='ltr'>consuevit,</span> <span class='ocrx_word' id='word_1_106' title='bbox 824 2748 876 2806; x_wconf 87' lang='lat' dir='ltr'>sed</span> <span class='ocrx_word' id='word_1_107' title='bbox 910 2752 968 2808; x_wconf 89' lang='lat' dir='ltr'>iam</span> <span class='ocrx_word' id='word_1_108' title='bbox 1001 2750 1128 2827; x_wconf 91' lang='lat' dir='ltr'>pecunia</span> <span class='ocrx_word' id='word_1_109' title='bbox 1155 2747 1233 2808; x_wconf 78' lang='lat' dir='ltr'>defi·</span> 
     </span>
     <span class='ocr_line' id='line_1_13' title="bbox 97 2849 1233 2927; baseline 0.005 -23"><span class='ocrx_word' id='word_1_110' title='bbox 97 2849 199 2910; x_wconf 85' lang='lat' dir='ltr'>ciente</span> <span class='ocrx_word' id='word_1_111' title='bbox 227 2849 411 2922; x_wconf 84' lang='lat' dir='ltr'>excluditur,</span> <span class='ocrx_word' id='word_1_112' title='bbox 441 2855 472 2908; x_wconf 88' lang='lat' dir='ltr'>et</span> <span class='ocrx_word' id='word_1_113' title='bbox 499 2869 591 2927; x_wconf 90' lang='lat' dir='ltr'>quum</span> <span class='ocrx_word' id='word_1_114' title='bbox 619 2849 695 2909; x_wconf 90' lang='lat' dir='ltr'>alius</span> <span class='ocrx_word' id='word_1_115' title='bbox 724 2850 911 2924; x_wconf 85' lang='lat' dir='ltr'>adulescens,</span> <span class='ocrx_word' id='word_1_116' title='bbox 941 2849 1098 2923; x_wconf 89' lang='lat' dir='ltr'>Diabolus,</span> <span class='ocrx_word' id='word_1_117' title='bbox 1129 2851 1233 2910; x_wconf 92' lang='lat' dir='ltr'>eodem</span> 
     </span>
     <span class='ocr_line' id='line_1_14' title="bbox 98 2951 1233 3031; baseline 0.003 -20"><span class='ocrx_word' id='word_1_118' title='bbox 98 2969 201 3012; x_wconf 85' lang='lat' dir='ltr'>amore</span> <span class='ocrx_word' id='word_1_119' title='bbox 224 2957 339 3031; x_wconf 88' lang='lat' dir='ltr'>captus,</span> <span class='ocrx_word' id='word_1_120' title='bbox 362 2957 398 3011; x_wconf 90' lang='lat' dir='ltr'>ut</span> <span class='ocrx_word' id='word_1_121' title='bbox 418 2951 475 3012; x_wconf 88' lang='lat' dir='ltr'>sibi</span> <span class='ocrx_word' id='word_1_122' title='bbox 493 2951 596 3030; x_wconf 89' lang='lat' dir='ltr'>puella</span> <span class='ocrx_word' id='word_1_123' title='bbox 612 2952 642 3010; x_wconf 88' lang='lat' dir='ltr'>in</span> <span class='ocrx_word' id='word_1_124' title='bbox 661 2954 811 3028; x_wconf 84' lang='lat' dir='ltr'>integrum</span> <span class='ocrx_word' id='word_1_125' title='bbox 829 2973 940 3012; x_wconf 88' lang='lat' dir='ltr'>annum</span> <span class='ocrx_word' id='word_1_126' title='bbox 957 2953 1106 3026; x_wconf 89' lang='lat' dir='ltr'>tradatur,</span> <span class='ocrx_word' id='word_1_127' title='bbox 1124 2955 1233 3031; x_wconf 79' lang='lat' dir='ltr'>viginti</span> 
     </span>
     <span class='ocr_line' id='line_1_15' title="bbox 99 3037 1234 3134; baseline 0 -20"><span class='ocrx_word' id='word_1_128' title='bbox 99 3037 196 3114; x_wconf 78' lang='lat' dir='ltr'>minas</span> <span class='ocrx_word' id='word_1_129' title='bbox 219 3055 405 3134; x_wconf 89' lang='lat' dir='ltr'>promiserit,</span> <span class='ocrx_word' id='word_1_130' title='bbox 435 3054 503 3112; x_wconf 89' lang='lat' dir='ltr'>lena</span> <span class='ocrx_word' id='word_1_131' title='bbox 524 3055 727 3132; x_wconf 81' lang='lat' dir='ltr'>Argyrippum</span> <span class='ocrx_word' id='word_1_132' title='bbox 757 3056 814 3113; x_wconf 89' lang='lat' dir='ltr'>nisi</span> <span class='ocrx_word' id='word_1_133' title='bbox 844 3055 946 3114; x_wconf 87' lang='lat' dir='ltr'>eadem</span> <span class='ocrx_word' id='word_1_134' title='bbox 974 3055 1108 3114; x_wconf 88' lang='lat' dir='ltr'>mercede</span> <span class='ocrx_word' id='word_1_135' title='bbox 1135 3056 1234 3115; x_wconf 80' lang='lat' dir='ltr'>soluta</span> 
     </span>
     <span class='ocr_line' id='line_1_16' title="bbox 99 3153 1234 3234; baseline 0.003 -21"><span class='ocrx_word' id='word_1_136' title='bbox 99 3153 222 3216; x_wconf 86' lang='lat' dir='ltr'>domum</span> <span class='ocrx_word' id='word_1_137' title='bbox 251 3177 335 3216; x_wconf 91' lang='lat' dir='ltr'>suam</span> <span class='ocrx_word' id='word_1_138' title='bbox 363 3158 478 3216; x_wconf 90' lang='lat' dir='ltr'>intrare</span> <span class='ocrx_word' id='word_1_139' title='bbox 504 3160 595 3214; x_wconf 86' lang='lat' dir='ltr'>vetat.</span> <span class='ocrx_word' id='word_1_140' title='bbox 640 3154 829 3216; x_wconf 85' lang='lat' dir='ltr'>Demaenetus</span> <span class='ocrx_word' id='word_1_141' title='bbox 851 3162 939 3234; x_wconf 89' lang='lat' dir='ltr'>pater</span> <span class='ocrx_word' id='word_1_142' title='bbox 961 3161 991 3215; x_wconf 92' lang='lat' dir='ltr'>et</span> <span class='ocrx_word' id='word_1_143' title='bbox 1013 3159 1079 3233; x_wconf 90' lang='lat' dir='ltr'>ipse</span> <span class='ocrx_word' id='word_1_144' title='bbox 1102 3157 1234 3216; x_wconf 87' lang='lat' dir='ltr'>ciusdem</span> 
     </span>
     <span class='ocr_line' id='line_1_17' title="bbox 101 3255 1233 3338; baseline 0.001 -22"><span class='ocrx_word' id='word_1_145' title='bbox 101 3260 270 3319; x_wconf 86' lang='lat' dir='ltr'>meretricie</span> <span class='ocrx_word' id='word_1_146' title='bbox 298 3259 425 3338; x_wconf 86' lang='lat' dir='ltr'>cupidus</span> <span class='ocrx_word' id='word_1_147' title='bbox 453 3279 518 3317; x_wconf 93' lang='lat' dir='ltr'>eam</span> <span class='ocrx_word' id='word_1_148' title='bbox 540 3255 603 3317; x_wconf 85' lang='lat' dir='ltr'>filio</span> <span class='ocrx_word' id='word_1_149' title='bbox 628 3258 787 3317; x_wconf 89' lang='lat' dir='ltr'>conciliare</span> <span class='ocrx_word' id='word_1_150' title='bbox 811 3258 913 3317; x_wconf 86' lang='lat' dir='ltr'>studet</span> <span class='ocrx_word' id='word_1_151' title='bbox 941 3279 1063 3336; x_wconf 89' lang='lat' dir='ltr'>sperans</span> <span class='ocrx_word' id='word_1_152' title='bbox 1091 3259 1170 3332; x_wconf 82' lang='lat' dir='ltr'>iore,</span> <span class='ocrx_word' id='word_1_153' title='bbox 1200 3265 1233 3317; x_wconf 89' lang='lat' dir='ltr'>ut</span> 
     </span>
     <span class='ocr_line' id='line_1_18' title="bbox 100 3357 1233 3439; baseline 0 -21"><span class='ocrx_word' id='word_1_154' title='bbox 100 3357 188 3420; x_wconf 88' lang='lat' dir='ltr'>huius</span> <span class='ocrx_word' id='word_1_155' title='bbox 210 3359 348 3420; x_wconf 85' lang='lat' dir='ltr'>beneficii</span> <span class='ocrx_word' id='word_1_156' title='bbox 369 3362 467 3439; x_wconf 78' lang='lat' dir='ltr'>gratia</span> <span class='ocrx_word' id='word_1_157' title='bbox 488 3359 568 3419; x_wconf 90' lang='lat' dir='ltr'>filins</span> <span class='ocrx_word' id='word_1_158' title='bbox 591 3360 649 3419; x_wconf 92' lang='lat' dir='ltr'>sibi</span> <span class='ocrx_word' id='word_1_159' title='bbox 672 3379 792 3438; x_wconf 90' lang='lat' dir='ltr'>quoque</span> <span class='ocrx_word' id='word_1_160' title='bbox 816 3363 924 3419; x_wconf 88' lang='lat' dir='ltr'>amoris</span> <span class='ocrx_word' id='word_1_161' title='bbox 948 3363 1011 3420; x_wconf 90' lang='lat' dir='ltr'>eius</span> <span class='ocrx_word' id='word_1_162' title='bbox 1030 3365 1147 3438; x_wconf 86' lang='lat' dir='ltr'>partem</span> <span class='ocrx_word' id='word_1_163' title='bbox 1165 3381 1233 3419; x_wconf 91' lang='lat' dir='ltr'>con·</span> 
     </span>
     <span class='ocr_line' id='line_1_19' title="bbox 103 3461 1234 3540; baseline 0.001 -19"><span class='ocrx_word' id='word_1_164' title='bbox 103 3461 196 3522; x_wconf 87' lang='lat' dir='ltr'>cedat.</span> <span class='ocrx_word' id='word_1_165' title='bbox 235 3463 333 3536; x_wconf 83' lang='lat' dir='ltr'>Quare</span> <span class='ocrx_word' id='word_1_166' title='bbox 355 3465 457 3522; x_wconf 88' lang='lat' dir='ltr'>statim</span> <span class='ocrx_word' id='word_1_167' title='bbox 480 3463 568 3522; x_wconf 87' lang='lat' dir='ltr'>initio</span> <span class='ocrx_word' id='word_1_168' title='bbox 590 3461 698 3521; x_wconf 77' lang='lat' dir='ltr'>fabulae</span> <span class='ocrx_word' id='word_1_169' title='bbox 721 3462 817 3521; x_wconf 80' lang='lat' dir='ltr'>facilis</span> <span class='ocrx_word' id='word_1_170' title='bbox 840 3463 992 3539; x_wconf 90' lang='lat' dir='ltr'>comisque</span> <span class='ocrx_word' id='word_1_171' title='bbox 1014 3463 1109 3539; x_wconf 86' lang='lat' dir='ltr'>patris</span> <span class='ocrx_word' id='word_1_172' title='bbox 1132 3468 1234 3540; x_wconf 89' lang='lat' dir='ltr'>partes</span> 
     </span>
     <span class='ocr_line' id='line_1_20' title="bbox 103 3563 1233 3642; baseline 0.002 -19"><span class='ocrx_word' id='word_1_173' title='bbox 103 3584 191 3640; x_wconf 83' lang='lat' dir='ltr'>agens</span> <span class='ocrx_word' id='word_1_174' title='bbox 214 3565 362 3625; x_wconf 87' lang='lat' dir='ltr'>Libanum</span> <span class='ocrx_word' id='word_1_175' title='bbox 394 3585 512 3624; x_wconf 81' lang='lat' dir='ltr'>serrum</span> <span class='ocrx_word' id='word_1_176' title='bbox 540 3565 693 3637; x_wconf 87' lang='lat' dir='ltr'>hortatur,</span> <span class='ocrx_word' id='word_1_177' title='bbox 722 3570 756 3622; x_wconf 91' lang='lat' dir='ltr'>ut</span> <span class='ocrx_word' id='word_1_178' title='bbox 783 3563 844 3622; x_wconf 90' lang='lat' dir='ltr'>filio</span> <span class='ocrx_word' id='word_1_179' title='bbox 867 3583 920 3622; x_wconf 91' lang='lat' dir='ltr'>suo</span> <span class='ocrx_word' id='word_1_180' title='bbox 942 3585 998 3642; x_wconf 88' lang='lat' dir='ltr'>per</span> <span class='ocrx_word' id='word_1_181' title='bbox 1020 3563 1157 3623; x_wconf 85' lang='lat' dir='ltr'>fraudem</span> <span class='ocrx_word' id='word_1_182' title='bbox 1180 3566 1233 3625; x_wconf 91' lang='lat' dir='ltr'>ali·</span> 
     </span>
     <span class='ocr_line' id='line_1_21' title="bbox 29 3667 1234 3746; baseline 0.001 -18"><span class='ocrx_word' id='word_1_183' title='bbox 29 3711 30 3716; x_wconf 19' lang='grc' dir='ltr'><strong>κ</strong></span> <span class='ocrx_word' id='word_1_184' title='bbox 103 3687 190 3746; x_wconf 85' lang='lat' dir='ltr'>quarn</span> <span class='ocrx_word' id='word_1_185' title='bbox 209 3675 364 3746; x_wconf 78' lang='lat' dir='ltr'>argentum</span> <span class='ocrx_word' id='word_1_186' title='bbox 387 3667 463 3727; x_wconf 87' lang='lat' dir='ltr'>illud</span> <span class='ocrx_word' id='word_1_187' title='bbox 486 3673 648 3744; x_wconf 89' lang='lat' dir='ltr'>comparet,</span> <span class='ocrx_word' id='word_1_188' title='bbox 672 3687 771 3744; x_wconf 88' lang='lat' dir='ltr'>seque,</span> <span class='ocrx_word' id='word_1_189' title='bbox 795 3670 820 3725; x_wconf 90' lang='lat' dir='ltr'>ei</span> <span class='ocrx_word' id='word_1_190' title='bbox 845 3686 918 3743; x_wconf 90' lang='lat' dir='ltr'>opus</span> <span class='ocrx_word' id='word_1_191' title='bbox 941 3667 1042 3739; x_wconf 80' lang='lat' dir='ltr'>fuerit,</span> <span class='ocrx_word' id='word_1_192' title='bbox 1066 3667 1234 3729; x_wconf 88' lang='lat' dir='ltr'>adiutorem</span> 
     </span>
     <span class='ocr_line' id='line_1_22' title="bbox 102 3769 1234 3849; baseline -0.001 -17"><span class='ocrx_word' id='word_1_193' title='bbox 102 3772 164 3832; x_wconf 81' lang='lat' dir='ltr'>lore</span> <span class='ocrx_word' id='word_1_194' title='bbox 186 3773 358 3849; x_wconf 87' lang='lat' dir='ltr'>pollicetur.</span> <span class='ocrx_word' id='word_1_195' title='bbox 401 3770 542 3829; x_wconf 87' lang='lat' dir='ltr'>Proxima</span> <span class='ocrx_word' id='word_1_196' title='bbox 569 3790 658 3828; x_wconf 88' lang='lat' dir='ltr'>scena</span> <span class='ocrx_word' id='word_1_197' title='bbox 686 3771 760 3828; x_wconf 87' lang='lat' dir='ltr'>iram</span> <span class='ocrx_word' id='word_1_198' title='bbox 790 3771 933 3828; x_wconf 87' lang='lat' dir='ltr'>amatoris</span> <span class='ocrx_word' id='word_1_199' title='bbox 956 3769 1043 3828; x_wconf 89' lang='lat' dir='ltr'>domo</span> <span class='ocrx_word' id='word_1_200' title='bbox 1061 3774 1234 3832; x_wconf 87' lang='lat' dir='ltr'>meretricis</span> 
     </span>
     <span class='ocr_line' id='line_1_23' title="bbox 103 3872 1233 3950; baseline 0.001 -17"><span class='ocrx_word' id='word_1_201' title='bbox 103 3875 213 3934; x_wconf 83' lang='lat' dir='ltr'>exclusi</span> <span class='ocrx_word' id='word_1_202' title='bbox 247 3879 278 3933; x_wconf 89' lang='lat' dir='ltr'>et</span> <span class='ocrx_word' id='word_1_203' title='bbox 310 3873 466 3932; x_wconf 85' lang='lat' dir='ltr'>avaritiam</span> <span class='ocrx_word' id='word_1_204' title='bbox 496 3873 570 3931; x_wconf 80' lang='lat' dir='ltr'>lenae</span> <span class='ocrx_word' id='word_1_205' title='bbox 598 3877 628 3930; x_wconf 89' lang='lat' dir='ltr'>ct</span> <span class='ocrx_word' id='word_1_206' title='bbox 657 3872 822 3932; x_wconf 84' lang='lat' dir='ltr'>convicium</span> <span class='ocrx_word' id='word_1_207' title='bbox 849 3873 1006 3948; x_wconf 89' lang='lat' dir='ltr'>utriusque</span> <span class='ocrx_word' id='word_1_208' title='bbox 1035 3875 1154 3950; x_wconf 78' lang='lat' dir='ltr'>egregie</span> <span class='ocrx_word' id='word_1_209' title='bbox 1182 3875 1233 3934; x_wconf 88' lang='lat' dir='ltr'>de·</span> 
     </span>
     <span class='ocr_line' id='line_1_24' title="bbox 103 3973 1233 4056; baseline 0 -20"><span class='ocrx_word' id='word_1_210' title='bbox 103 3979 209 4056; x_wconf 82' lang='lat' dir='ltr'>pingit.</span> <span class='ocrx_word' id='word_1_211' title='bbox 254 3975 332 4035; x_wconf 91' lang='lat' dir='ltr'>Dum</span> <span class='ocrx_word' id='word_1_212' title='bbox 355 3973 489 4034; x_wconf 88' lang='lat' dir='ltr'>Libanus</span> <span class='ocrx_word' id='word_1_213' title='bbox 515 3975 567 4035; x_wconf 89' lang='lat' dir='ltr'>illc</span> <span class='ocrx_word' id='word_1_214' title='bbox 595 3975 710 4033; x_wconf 85' lang='lat' dir='ltr'>frustra</span> <span class='ocrx_word' id='word_1_215' title='bbox 739 3975 818 4034; x_wconf 66' lang='lat' dir='ltr'>uam</span> <span class='ocrx_word' id='word_1_216' title='bbox 842 3975 972 4050; x_wconf 89' lang='lat' dir='ltr'>aliquam</span> <span class='ocrx_word' id='word_1_217' title='bbox 994 3977 1129 4051; x_wconf 85' lang='lat' dir='ltr'>pecuniae</span> <span class='ocrx_word' id='word_1_218' title='bbox 1152 3978 1233 4036; x_wconf 89' lang='lat' dir='ltr'>aufe-</span> 
     </span>
     <span class='ocr_line' id='line_1_25' title="bbox 103 4077 1232 4156; baseline 0 -18"><span class='ocrx_word' id='word_1_219' title='bbox 103 4079 201 4138; x_wconf 87' lang='lat' dir='ltr'>rendae</span> <span class='ocrx_word' id='word_1_220' title='bbox 230 4081 353 4156; x_wconf 73' lang='lat' dir='ltr'>quaerit,</span> <span class='ocrx_word' id='word_1_221' title='bbox 378 4098 444 4137; x_wconf 91' lang='lat' dir='ltr'>ecce</span> <span class='ocrx_word' id='word_1_222' title='bbox 466 4077 632 4149; x_wconf 87' lang='lat' dir='ltr'>Leonidas,</span> <span class='ocrx_word' id='word_1_223' title='bbox 657 4077 734 4136; x_wconf 86' lang='lat' dir='ltr'>alter</span> <span class='ocrx_word' id='word_1_224' title='bbox 756 4097 859 4136; x_wconf 86' lang='lat' dir='ltr'>servus</span> <span class='ocrx_word' id='word_1_225' title='bbox 889 4077 986 4136; x_wconf 88' lang='lat' dir='ltr'>eidem</span> <span class='ocrx_word' id='word_1_226' title='bbox 1015 4079 1060 4136; x_wconf 89' lang='lat' dir='ltr'>rei</span> <span class='ocrx_word' id='word_1_227' title='bbox 1090 4080 1232 4152; x_wconf 87' lang='lat' dir='ltr'>intentus,</span> 
     </span>
     <span class='ocr_line' id='line_1_26' title="bbox 105 4179 1235 4259; baseline 0 -19"><span class='ocrx_word' id='word_1_228' title='bbox 105 4184 250 4259; x_wconf 78' lang='lat' dir='ltr'>egregiam</span> <span class='ocrx_word' id='word_1_229' title='bbox 278 4180 393 4240; x_wconf 81' lang='lat' dir='ltr'>fraudis</span> <span class='ocrx_word' id='word_1_230' title='bbox 416 4181 600 4240; x_wconf 89' lang='lat' dir='ltr'>occasionem</span> <span class='ocrx_word' id='word_1_231' title='bbox 623 4181 747 4238; x_wconf 84' lang='lat' dir='ltr'>invenit.</span> <span class='ocrx_word' id='word_1_232' title='bbox 792 4179 870 4239; x_wconf 88' lang='lat' dir='ltr'>Nam</span> <span class='ocrx_word' id='word_1_233' title='bbox 893 4179 1020 4253; x_wconf 88' lang='lat' dir='ltr'>Saurea,</span> <span class='ocrx_word' id='word_1_234' title='bbox 1044 4183 1182 4240; x_wconf 86' lang='lat' dir='ltr'>atriensis</span> <span class='ocrx_word' id='word_1_235' title='bbox 1205 4188 1235 4240; x_wconf 86' lang='lat' dir='ltr'>et</span> 
     </span>
     <span class='ocr_line' id='line_1_27' title="bbox 106 4280 1235 4362; baseline 0.001 -20"><span class='ocrx_word' id='word_1_236' title='bbox 106 4290 188 4344; x_wconf 90' lang='lat' dir='ltr'>actor</span> <span class='ocrx_word' id='word_1_237' title='bbox 214 4285 401 4356; x_wconf 73' lang='lat' dir='ltr'>Artemone,</span> <span class='ocrx_word' id='word_1_238' title='bbox 431 4303 521 4361; x_wconf 89' lang='lat' dir='ltr'>quam</span> <span class='ocrx_word' id='word_1_239' title='bbox 550 4301 674 4340; x_wconf 85' lang='lat' dir='ltr'>uxorem</span> <span class='ocrx_word' id='word_1_240' title='bbox 704 4283 776 4342; x_wconf 89' lang='lat' dir='ltr'>olim</span> <span class='ocrx_word' id='word_1_241' title='bbox 804 4280 993 4342; x_wconf 79' lang='lat' dir='ltr'>Demaenetus</span> <span class='ocrx_word' id='word_1_242' title='bbox 1028 4304 1093 4343; x_wconf 88' lang='lat' dir='ltr'>cum</span> <span class='ocrx_word' id='word_1_243' title='bbox 1126 4303 1235 4362; x_wconf 84' lang='lat' dir='ltr'>magna</span> 
     </span>
     <span class='ocr_line' id='line_1_28' title="bbox 107 4384 1234 4464; baseline 0.003 -21"><span class='ocrx_word' id='word_1_244' title='bbox 107 4385 171 4445; x_wconf 85' lang='lat' dir='ltr'>dote</span> <span class='ocrx_word' id='word_1_245' title='bbox 193 4386 336 4459; x_wconf 87' lang='lat' dir='ltr'>duxerat,</span> <span class='ocrx_word' id='word_1_246' title='bbox 367 4389 466 4445; x_wconf 83' lang='lat' dir='ltr'>asinos</span> <span class='ocrx_word' id='word_1_247' title='bbox 496 4384 612 4462; x_wconf 91' lang='lat' dir='ltr'>aliquot</span> <span class='ocrx_word' id='word_1_248' title='bbox 640 4387 800 4445; x_wconf 85' lang='lat' dir='ltr'>mercatori</span> <span class='ocrx_word' id='word_1_249' title='bbox 829 4386 988 4462; x_wconf 79' lang='lat' dir='ltr'>peregrino</span> <span class='ocrx_word' id='word_1_250' title='bbox 1018 4387 1125 4464; x_wconf 84' lang='lat' dir='ltr'>viginti</span> <span class='ocrx_word' id='word_1_251' title='bbox 1147 4388 1234 4446; x_wconf 88' lang='lat' dir='ltr'>minis</span> 
     </span>
    </p>
   </div>
   <div class='ocr_carea' id='block_1_3' title="bbox 362 4595 375 4626">
    <p class='ocr_par' dir='ltr' id='par_1_3' title="bbox 362 4595 375 4626">
     <span class='ocr_line' id='line_1_29' title="bbox 362 4595 375 4626; baseline 0 0"><span class='ocrx_word' id='word_1_252' title='bbox 362 4595 375 4626; x_wconf 66' lang='grc' dir='ltr'><em>θ</em></span> 
     </span>
    </p>
   </div>
   <div class='ocr_carea' id='block_1_4' title="bbox 0 0 1518 5056">
    <p class='ocr_par' dir='ltr' id='par_1_4' title="bbox 0 0 1518 5056">
     <span class='ocr_line' id='line_1_30' title="bbox 0 0 1518 5056; baseline 0 0"><span class='ocrx_word' id='word_1_253' title='bbox 0 0 1518 5056; x_wconf 95' lang='lat' dir='ltr'> </span> 
     </span>
    </p>
   </div>
  </div>
 </body>
</html>
