2976 5056
610 533 643 586 v.
662 535 804 588 ree-rsa.
1212 537 1273 598 309

129 741 199 796 ego,
225 725 251 782 si
277 727 342 784 iam
366 727 440 785 mihi
463 727 677 805 disputandum
706 730 745 787 sit
774 727 810 786 dc
833 727 879 785 his
902 727 1012 785 nostris
1036 726 1158 799 studiis,
1181 727 1273 785 nolim

128 825 274 902 equidem
300 829 385 906 apud
407 832 544 902 rusticos,
568 831 619 889 sed
642 831 855 889 multominus
879 827 960 907 apud
977 827 1060 886 vos“.
1100 827 1274 887 Rectissime

126 929 225 1004 igitur
250 930 430 990 Priscianus
453 929 532 1004 XVI,
556 953 586 1009 p.
607 935 688 992 1033
711 931 744 990 P.
768 934 889 1009 negavit
912 927 1054 1008 equidem
1077 931 1274 1006 compositum

128 1049 193 1088 esse
219 1052 259 1090 ex
286 1049 344 1110 eqo
369 1039 399 1090 et
422 1029 556 1108 quidem,
580 1033 610 1092 id
633 1035 714 1111 quod
738 1037 828 1092 etiam
851 1035 889 1093 ed
912 1034 1099 1108 etymologia
1124 1035 1273 1091 rationem

127 1153 242 1210 parum
261 1137 332 1193 veri
350 1135 445 1193 simile
468 1136 556 1208 foret,
579 1138 738 1214 potinsque
757 1135 947 1195 statuendum
965 1135 1038 1195 duas
1059 1157 1122 1194 esse
1142 1135 1273 1194 eiusdem

126 1235 279 1294 vocabuli
296 1238 419 1312 formas,
437 1239 561 1296 alteram
582 1239 750 1297 encliticam
771 1235 930 1316 (quidem),
954 1239 1080 1296 alteram
1105 1232 1273 1315 (equidem)

128 1345 160 1393 et
184 1347 320 1398 accentu
344 1345 375 1398 et
397 1341 427 1397 vi
449 1342 626 1418 graviorem,
651 1347 684 1399 ut
706 1340 856 1399 interdum
883 1361 941 1398 non
964 1340 1090 1399 multum
1114 1340 1232 1399 differat
1257 1362 1275 1398 a

132 1441 330 1516 ,proiecto“.
377 1441 546 1501 Priscianus
569 1443 624 1501 hoc
648 1465 766 1521 quoque
790 1443 1014 1501 animadvertit:
1048 1449 1166 1520 ,potest
1189 1441 1274 1520 eqni-

133 1537 210 1600 dem
243 1551 277 1602 et
306 1543 344 1602 ad
373 1547 499 1621 primam
528 1553 559 1603 st
588 1545 626 1604 ad
654 1545 813 1604 secundam
842 1553 872 1604 et
899 1545 937 1603 ad
964 1547 1085 1604 tertiam
1118 1547 1274 1604 transferri

128 1645 338 1720 personam“;
363 1646 433 1704 addi
449 1653 563 1724 potest:
592 1655 640 1720 „ct
651 1649 690 1706 ad
708 1649 885 1725 singularem
905 1647 989 1705 etad
1007 1648 1154 1724 pluralem
1172 1669 1274 1707 nume-

130 1747 236 1806 rum“.
273 1748 343 1807 vid.
362 1749 475 1807 Sallust
492 1749 619 1822 catat,
647 1752 700 1807 11:
729 1749 810 1822 „Iam
832 1749 949 1828 pridem
972 1749 1110 1827 equidem
1132 1771 1186 1809 nos
1204 1771 1275 1808 vera

131 1868 240 1908 rernm
253 1850 400 1910 vocabula
417 1851 600 1911 amisimus“.
623 1851 662 1909 ib.
676 1853 729 1910 16:
753 1872 879 1924 „vanum
892 1852 1029 1929 equidem
1046 1851 1100 1909 hoc
1118 1853 1274 1910 consilium

132 1950 215 2012 est“.
226 1955 278 2026 58,
288 1955 322 2011 4:
350 1953 456 2028 „Scitis
468 1954 615 2031 equidem,
627 1951 768 2013 milites“.
792 1954 887 2012 Varro
899 1954 934 2012 R.
943 1953 1008 2027 R.l,
1021 1957 1048 2026 5,
1061 1957 1073 2012 1
1086 1977 1091 2010 :
1109 1953 1274 2031 „Equidem

132 2055 373 2114 innumerabiles
396 2055 468 2114 mihi
491 2056 632 2115 videntur
650 2055 854 2134 (agriculturae
871 2051 1018 2132 partes)“.
1049 2056 1114 2114 Liv.
1128 2055 1161 2128 V,
1177 2059 1225 2129 51,
1240 2059 1273 2114 4:

138 2155 328 2234 „Equidem
364 2159 388 2215 si
422 2159 510 2216 nobis
544 2180 609 2218 cum
642 2160 717 2218 urhe
749 2158 836 2217 simul
865 2161 970 2235 poeitae
999 2159 1157 2234 religiones
1185 2159 1275 2216 nullae

136 2267 256 2334 essent,
286 2267 469 2319 tumentem
498 2261 619 2320 evidens
647 2283 756 2320 numen
784 2262 838 2318 hac
866 2265 1043 2337 tempestate
1065 2259 1154 2318 rebus
1178 2261 1275 2318 adfuit

135 2359 315 2422 Romauis“.
359 2363 527 2436 Accedunt,
557 2385 593 2422 ne
621 2365 682 2423 ulla
710 2365 898 2441 relinquatur
927 2362 1092 2434 dubitatio,
1116 2368 1274 2440 poetarum

74 2499 79 2508 ·
136 2465 209 2539 loci,
235 2465 324 2543 Verg.
343 2467 413 2524 AEn.
432 2465 469 2539 X,
490 2469 544 2525 29:
571 2465 745 2544 „Equidem
771 2467 868 2538 cred0,
893 2485 959 2524 mea
981 2465 1105 2523 uolnera
1127 2462 1273 2523 restant“.

137 2567 234 2645 Prop.
247 2569 285 2641 II,
301 2571 349 2640 31,
364 2571 396 2626 5:
424 2568 498 2642 „llic
516 2569 652 2645 equidem
670 2569 792 2628 Phoebo
809 2571 889 2626 visus
907 2569 980 2626 mihi
1002 2567 1155 2645 pulchrior
1176 2565 1271 2645 ipso“.

139 2670 225 2729 Pers.
251 2673 287 2744 5,
309 2672 363 2728 45:
398 2671 483 2744 „Non
513 2673 650 2749 equidem
672 2672 729 2730 hoc
752 2667 901 2729 dubites“.
946 2670 1059 2728 Lucan.
1083 2671 1169 2744 VIII,
1195 2673 1272 2730 321:

143 2773 253 2847 „Haud
270 2773 409 2850 equidem
420 2775 560 2833 inmerito
579 2820 585 2831 .
601 2821 606 2832 .
621 2770 771 2833 cautum“.
806 2773 943 2850 Apparet
961 2775 1053 2847 igitur
1071 2794 1176 2850 parum
1194 2780 1273 2832 recte

141 2875 312 2934 Bentleium
340 2875 378 2934 ad
401 2875 522 2935 Terent.
545 2877 654 2936 Heaut.
678 2878 707 2949 4,
735 2878 760 2948 1,
788 2878 824 2934 19
849 2883 880 2933 et
900 2875 957 2934 Ad.
984 2879 1011 2949 5,
1037 2879 1064 2949 3,
1090 2878 1128 2935 65
1153 2876 1273 2952 dixisse,

143 2975 287 3056 equidem
314 2998 381 3036 cum
409 2979 501 3038 verbo
529 2981 633 3056 primae
661 2999 796 3057 personae
824 2999 940 3054 semper
969 2981 1103 3037 iunctum
1127 2985 1194 3038 ante
1217 2979 1273 3037 Ne-

142 3083 222 3140 ronis
246 3085 380 3152 etatem,
409 3081 591 3140 RItschelius
618 3082 673 3141 hoc
696 3081 815 3157 quidem
838 3081 987 3139 affirmare
1009 3102 1079 3139 non.
1093 3080 1197 3152 sudet,
1222 3079 1274 3138 sed

143 3189 241 3242 tamen
266 3182 426 3258 „Plautino
450 3203 505 3242 usu
528 3187 786 3262 persuasissimum
805 3183 897 3241 habet
919 3183 994 3240 hanc
1017 3183 1141 3240 formam
1164 3202 1182 3240 a
1204 3184 1273 3240 reli-

144 3307 271 3364 quarum
299 3306 494 3363 personarum
525 3288 668 3345 societate
695 3293 804 3365 praeter
832 3288 960 3363 primam
987 3305 1112 3361 prorsus
1135 3283 1271 3341 excludi“

145 3387 237 3464 (Prol.
256 3388 389 3446 Trinum.
409 3408 437 3465 p.
451 3386 616 3463 LXXVII).
650 3389 706 3448 Hic
729 3411 788 3447 non
810 3389 841 3449 id
865 3407 1005 3465 quaeram,
1029 3407 1089 3458 cur,
1114 3385 1194 3462 quod
1212 3385 1274 3443 Sal·

142 3493 233 3552 lustio
257 3497 288 3549 et
310 3491 440 3548 Varroni
462 3491 561 3564 licuit,
585 3491 694 3551 Plauto
718 3511 778 3550 non
801 3492 934 3563 licuerit,
958 3489 1010 3547 sed
1032 3490 1113 3546 locos
1141 3487 1273 3561 afferam,

143 3597 193 3671 qui
209 3593 284 3652 mihi
301 3593 420 3669 quidem
438 3595 504 3651 sani
527 3600 558 3651 et
580 3594 653 3652 certi
675 3592 843 3651 videantur.
878 3592 945 3651 Aul.
962 3594 1036 3651 137:
1064 3591 1174 3666 „Decet
1191 3591 1274 3666 equi-

143 3697 210 3755 dem
232 3699 306 3754 uera
327 3691 499 3773 proloqui“.
544 3695 633 3772 Epid.
659 3698 735 3754 594:
765 3695 1013 3769 „Adulescentem
1036 3693 1173 3771 equidem
1196 3693 1274 3751 dice-

142 3800 215 3857 bant
244 3795 380 3856 emisse“.
425 3798 505 3856 Men.
531 3801 608 3857 538:
647 3799 703 3872 „Di
736 3819 782 3856 me
812 3797 949 3874 equidem
979 3817 1080 3856 omnes
1109 3791 1272 3854 adiuuent“

144 3899 225 3976 („me
249 3895 388 3977 quidem“
413 3921 431 3958 a
453 3901 600 3959 sententia
622 3901 681 3959 loci
705 3896 868 3972 abhorret).
902 3899 985 3958 Pers.
1007 3902 1082 3958 545:
1110 3897 1275 3975 „Eqmdem

144 4004 251 4080 edepol
268 3999 448 4062 liberalist“.
485 4005 560 4061 638:
583 4004 701 4080 „Atque
720 4003 857 4080 equidem
875 4005 994 4061 miseret
1011 3999 1140 4061 tamen“.
1170 3996 1276 4078 Atque

145 4101 301 4182 equidem,
326 4107 350 4162 si
373 4104 459 4164 codd.
483 4107 654 4182 sequImur,
678 4105 740 4163 fere
764 4111 935 4163 constanter
959 4105 1035 4163 dixit
1057 4105 1190 4176 Plautus,
1214 4105 1274 4162 vicl.

144 4215 257 4286 praeter
279 4209 358 4267 hunc
380 4207 478 4266 locum
495 4208 562 4266 Aul.
583 4209 654 4268 704.
678 4207 786 4268 Bacch.
807 4210 878 4267 967.
901 4207 992 4266 Most.
1009 4209 1100 4267 1026.
1124 4207 1275 4266 11111650.

146 4311 224 4370 Poen.
239 4313 310 4370 511.
334 4311 416 4369 Trin.
430 4313 501 4370 611.
524 4309 740 4369 Terentillam
761 4313 837 4384 956;
861 4311 939 4369 unde
962 4331 1022 4368 nou
1045 4311 1156 4368 iniuria
1178 4308 1276 4368 Luchs

145 4417 174 4472 in
197 4411 373 4486 Hermae·V,
399 4415 459 4471 277
484 4415 574 4472 etiam
597 4411 686 4490 Epid.
712 4413 765 4472 31:
800 4415 917 4491 „Atque
940 4413 1078 4490 equidem
1101 4411 1178 4471 clto“
1205 4413 1275 4470 scri-
