2956 5018
96 469 137 538 Il,
149 471 282 538 238-56
597 469 734 524 Asinaria
1187 477 1227 540 95

95 660 167 726 Ubi
177 681 290 726 manus
301 659 454 725 manicae
466 659 642 744 conplexae
654 667 730 727 sunt
742 667 840 744 atque
852 661 1016 727 adductae
1032 662 1075 727 ad
1092 663 1228 744 trabem,

95 769 171 834 Nec
193 769 356 854 dependes
379 789 441 834 nec
459 769 651 854 propendes‚
670 771 749 854 quin
766 805 810 816 -
825 771 932 836 malus
949 791 1155 856 nequamque
1171 773 1227 836 sia.

578 901 754 968 Libanus

95 985 172 1051 Uae
194 987 263 1051 tibi.

577 1095 754 1160 Leonida

276 1203 365 1269 Istoc
386 1209 584 1269 testamento
607 1201 757 1270 Seruitus
779 1203 869 1288 legat
890 1202 960 1269 tibi.

578 1333 754 1399 Libanus

95 1440 219 1506 Uerbis
241 1439 467 1508 uelitationem
489 1441 560 1508 fieri
584 1442 745 1526 conpendi
766 1443 860 1524 uolo;
1178 1445 1229 1498 tot

96 1549 187 1628 Quid
208 1550 297 1614 istud
321 1551 380 1616 titi
402 1552 514 1634 negoti
537 1552 740 1617 exortumst?
764 1549 905 1616 Credere
929 1551 1088 1617 audacter
1110 1551 1195 1617 licet.

577 1681 756 1749 Leonida

96 1789 150 1854 Sis
174 1790 298 1854 amanti
321 1787 496 1856 subuenire
515 1790 672 1856 familiari
695 1790 771 1870 filio,

95 1897 241 1962 Tantum
264 1897 357 1963 adest
379 1896 457 1963 boni
479 1900 658 1983 inprouiso,
681 1921 796 1964 uerum
819 1899 1019 1964 conmixtum
1041 1898 1143 1964 malo:

96 2005 219 2071 Omnes
242 2005 284 2070 de
306 2006 401 2071 nobis
424 2007 624 2073 carnuficum
647 2007 965 2073 concelebrabuntur
987 2007 1066 2072 dies.

96 2114 236 2194 Libane,
259 2135 346 2179 nunc
368 2116 507 2181 audacia
528 2123 622 2181 usust
643 2116 737 2182 nobis
760 2117 895 2180 inuenta
917 2121 951 2180 et
973 2115 1066 2180 dolis.
1178 2125 1231 2178 310

97 2223 242 2287 Tantum
263 2221 391 2288 facinus
414 2223 511 2289 modo
534 2245 594 2307 ego
617 2225 736 2304 inueni,
759 2231 796 2289 ut
817 2246 876 2289 nos
899 2223 1047 2288 dicamur
1069 2223 1133 2289 duo

98 2330 254 2395 Omnium
276 2331 467 2413 dignissumi
490 2354 560 2398 esse
584 2355 648 2416 quo
672 2333 837 2398 cruciatus
860 2332 1036 2398 confluant.

579 2462 753 2530 Libanus

97 2571 189 2653 Ergo
211 2569 358 2636 mirabar
379 2570 468 2656 quod
491 2572 612 2638 dudum
636 2571 791 2657 scapulae
814 2571 979 2656 gestibant
1000 2571 1088 2652 mihi,

97 2679 267 2744 Hariolari
290 2699 374 2764 quae
397 2687 596 2763 occeperunt
618 2680 681 2745 sibi
703 2701 774 2746 esse
797 2682 831 2746 iu
855 2679 977 2747 mundo
999 2680 1131 2746 malum.

98 2787 269 2873 Quidquid
292 2793 341 2854 est
363 2789 527 2873 eloquere.

579 2895 756 2962 Leonida

497 3004 648 3088 Magnast
669 3004 796 3088 praeda
817 3025 891 3068 cum
913 3025 1030 3087 magno
1053 3005 1148 3069 malo.
1179 3012 1231 3064 1115

579 3135 755 3200 Libanus

100 3243 138 3308 Si
160 3242 293 3328 quidem
316 3263 428 3308 ornnes
451 3243 613 3308 coniurati
635 3245 860 3308 cruciamenta
881 3240 1062 3320 conferant,

99 3350 219 3417 Habeo
241 3352 358 3435 opinor
379 3348 573 3416 familiarem
594 3357 734 3435 tergum,
757 3372 798 3416 ne
821 3371 979 3433 quaeram
1000 3347 1091 3414 foris.

577 3475 757 3541 Leonida

100 3584 137 3650 Si
159 3585 257 3648 istam
278 3582 511 3648 firmitudinem
536 3583 635 3648 animi
658 3585 793 3667 optines,
816 3582 900 3648 salui
922 3602 1041 3647 sumus.

579 3690 756 3756 Libanus

102 3800 191 3878 Quin
214 3801 241 3864 si
262 3807 355 3882 tergo
377 3819 430 3864 res
453 3798 651 3880 soluendast,
675 3820 792 3882 rapere
816 3799 911 3882 cupio
934 3797 1111 3884 publicum.

101 3907 295 3990 Peruegabo
318 3913 418 3990 atque
441 3906 622 3988 obdurabo,
646 3906 823 3992 periurabo
845 3906 996 3990 denique.
1181 3901 1232 3955 320

173 4187 224 4240 303
242 4183 376 4255 dependis
420 4184 573 4254 propendia
638 4187 689 4239 304
705 4185 767 4239 Hoc
827 4185 878 4238 806
895 4183 972 4237 istud
989 4181 1098 4251 negotii
1116 4186 1159 4236 eat
1176 4199 1233 4236 cer·

104 4275 165 4324 tum
183 4274 234 4324 eet.
286 4270 354 4326 licet
371 4271 408 4324 sir
478 4273 526 4324 311
546 4269 641 4324 inueni
658 4287 711 4340 ego
780 4271 831 4325 317
848 4269 985 4324 familiare
1054 4269 1105 4322 sla
1123 4267 1147 4322 ri
1164 4283 1231 4337 crgo

105 4373 135 4409 re
152 4355 288 4410 soluenda
305 4361 348 4410 eet
