2976 5056
242 529 304 592 324
717 521 895 592 Amphitruo.

241 715 308 780 etot
329 723 361 776 et
382 718 520 797 proximo
546 737 636 776 versu
656 712 687 777 el
707 713 784 792 siut,
807 713 837 776 ol
858 713 1032 795 yarrdcaral)
1058 718 1271 776 coniunctivus
1296 717 1386 794 poni-

240 827 305 894 tur,
340 839 400 880 non
433 839 502 879 raro
537 819 617 898 apud
644 819 785 880 Plautum
813 821 855 878 sic
883 819 974 878 latine
1001 823 1087 896 patet
1115 820 1200 878 notio
1229 819 1386 880 orationis

241 922 381 1000 obliquae,
404 927 438 981 ut
459 923 615 982 sententiae
639 923 772 982 relativa
795 922 991 982 coniunctivis
1010 923 1167 981 sententiis
1188 921 1387 1000 interpositae

242 1031 272 1086 et
294 1027 367 1103 ipeoe
391 1025 582 1084 coniunctivo
605 1025 694 1084 modo
716 1024 916 1104 proferantur,
939 1023 991 1083 nbi
1014 1025 1067 1085 alii
1090 1025 1257 1102 scriptores
1278 1024 1388 1102 potius

241 1127 436 1188 indicativum
466 1129 651 1205 posuissent3
681 1127 718 1186 cf.
744 1129 815 1186 817.
860 1125 945 1204 Capt.
970 1129 1046 1187 205:
1085 1131 1208 1204 „pigeat
1243 1131 1388 1184 nostrum

242 1247 334 1302 erum,
359 1230 384 1288 si
407 1229 520 1288 solutos
543 1229 631 1302 sinat,
656 1249 729 1308 quos
753 1234 877 1307 argento
901 1226 1037 1288 emerit“.
1082 1228 1148 1288 Mil.
1175 1231 1255 1288 302:
1284 1225 1389 1302 „Quid

232 1329 297 1391 'tibi
319 1333 367 1404 uis
390 1332 496 1404 dicam,
520 1333 577 1391 nisi
600 1331 682 1410 quod
703 1328 871 1392 uiderim?“
910 1333 986 1390 372:
1009 1330 1179 1410 Numquam
1202 1330 1308 1390 hercle
1333 1329 1386 1387 de·

241 1433 388 1508 terrebor,
412 1435 484 1511 quin
506 1433 633 1494 uiderim
655 1434 687 1493 id
707 1433 787 1511 quod
805 1432 964 1493 uiderim&
1000 1435 1076 1492 555:
1103 1433 1233 1506 „Quidni
1253 1434 1386 1504 fateare,

244 1555 300 1612 ego
323 1536 410 1614 quod·
427 1535 594 1596 uiderim?“
631 1537 737 1596 Pseud.
765 1538 840 1596 307:
872 1535 962 1610 ,Dea
986 1535 1038 1594 det
1058 1555 1168 1613 usque;
1192 1536 1319 1613 quando
1342 1533 1387 1593 nil

242 1641 295 1713 sit,
325 1639 412 1698 shnul
440 1659 539 1698 amare
568 1637 717 1699 deeiuat“.
739 1667 783 1680 -··
806 1641 878 1698 953.
901 1635 968 1714 spec
990 1634 1066 1698 item
1094 1634 1139 1697 eit
1166 1640 1261 1698 ceteri
1291 1635 1384 1696 codd.

241 1747 350 1820 praeter
372 1741 405 1800 B.
431 1771 468 1782 -
494 1743 655 1818 conparet,
685 1747 847 1820 conponat,
878 1741 1032 1814 instituat,
1063 1741 1099 1800 cf.
1123 1741 1191 1799 Ter.
1216 1739 1298 1799 Eun.
1325 1741 1384 1797 47:

246 1845 312 1916 „An
340 1845 441 1923 potius
468 1846 513 1904 ita
540 1865 587 1904 me
615 1864 790 1923 conpotem,
819 1843 886 1903 Non
915 1843 1032 1920 perpeti
1057 1843 1250 1902 meretricum
1274 1847 1385 1900 contu·

242 1943 376 2004 melias“.
394 1976 438 1986 —
456 1947 527 2006 956.
547 1947 583 2005 cr'.
603 1949 675 2006 909.
698 1945 771 2006 Voc.
794 1943 859 2006 iant
882 1951 951 2004 ante
974 1941 1093 2004 (ludum
1115 1946 1147 2003 in
1170 1943 1258 2002 codd.
1282 1945 1383 2002 intru-

242 2069 307 2107 sum
336 2069 391 2106 nec
418 2067 522 2106 versus
551 2069 605 2108 nec
627 2049 774 2108 sententia
795 2047 943 2120 admittit;
972 2047 1085 2107 delevit
1114 2046 1316 2105 Camerarius
1341 2075 1384 2085 -

245 2153 316 2210 957.
339 2151 412 2210 Post
435 2147 549 2210 dixisti
569 2151 682 2224 hiatns3
706 2150 819 2210 Camer.
848 2147 916 2222 ,tu“
943 2148 1083 2208 addebat.
1119 2148 1149 2208 Si
1173 2148 1246 2225 quid
1267 2148 1382 2208 adden·

244 2253 324 2326 dum,
346 2253 448 2312 malim
475 2249 575 2330 „Eg0“
601 2259 636 2312 nt
653 2256 725 2312 757.
759 2252 804 2312 Fl.
824 2252 979 2311 audacius:
1007 2251 1072 2325 „An
1094 2251 1164 2309 illut
1187 2249 1320 2311 ioculo“.
1339 2279 1383 2290 -·

243 2355 316 2415 Post
331 2355 421 2416 ratus
438 2356 591 2415 omittitur
611 2353 725 2429 ,sum“,
750 2356 785 2414 cl.
804 2353 842 2412 ad
859 2373 888 2413 v.
908 2356 977 2414 590.
996 2383 1038 2392 -
1058 2355 1129 2414 958.
1153 2354 1266 2413 Versus
1290 2373 1382 2414 causa

242 2457 466 2517 Lindemannus
494 2453 541 2518 At
568 2459 661 2536 capiti
689 2477 796 2517 versus
825 2455 971 2528 addebat;
1002 2456 1107 2515 melius
1130 2455 1244 2516 Ritsoh.
1269 2455 1380 2534 Opuec.

243 2559 287 2631 ll,
311 2579 340 2635 p.
365 2561 424 2618 431
456 2566 556 2618 censet
585 2556 859 2637 expurigationem
886 2557 1076 2618 scribendum
1105 2578 1169 2618 esse
1198 2563 1229 2616 et
1251 2558 1281 2617 h.
1305 2559 1326 2617 l
1351 2561 1381 2615 et

243 2660 369 2720 Marcet.
384 2663 459 2720 949:
489 2663 546 2734 ,At
563 2682 617 2739 ego
635 2662 893 2740 expurigationem
910 2659 1036 2733 habebo,
1059 2666 1094 2718 ut
1116 2681 1153 2719 ne
1176 2656 1378 2719 succenseat“.

243 2761 290 2821 Ex
312 2782 371 2840 quo
393 2763 459 2822 loco
483 2766 573 2822 etiem
595 2764 626 2821 id
648 2765 834 2839 intelligitur,
860 2759 1118 2841 expurgationem
1134 2757 1330 2823 habere'esee
1348 2781 1379 2820 se

243 2884 390 2943 purgare;
408 2866 443 2924 ci.
457 2865 544 2943 Capt.
558 2868 635 2926 815:
662 2866 843 2940 „edictiones
866 2865 1019 2925 aedilicias
1040 2866 1089 2923 hic
1113 2864 1234 2942 quidem
1256 2861 1378 2923 habet“.

247 2995 286 3008 ··-
311 2969 382 3026 959.
405 2983 472 3027 rem
495 2963 647 3043 AEuinam,
670 2989 755 3028 sacra
777 2990 809 3027 se
831 2968 981 3027 facturum
1005 2966 1095 3040 dicit,
1119 2973 1154 3026 ut
1178 2973 1248 3026 vota
1272 2968 1379 3038 solvat,

246 3089 311 3148 qnae
334 3088 389 3147 pro
411 3069 490 3130 felici
512 3070 613 3130 reditu
636 3072 808 3150 susceperit,
832 3092 861 3130 v.
882 3072 952 3129 941.
990 3069 1146 3128 Sententia
1167 3069 1298 3128 relativa
1319 3089 1378 3128 non

245 3177 383 3232 accurate
418 3193 484 3232 oum
518 3173 751 3234 demonstrativa
784 3173 930 3251 iungitur,
964 3173 1118 3250 magisque
1152 3191 1255 3230 sensus
1291 3191 1378 3249 quam
1472 3179 1473 3210 ι

244 3274 349 3333 verba'
364 3273 550 3352 spectantur,
580 3277 617 3336 cf.
640 3276 723 3335 Asin.
749 3277 824 3334 552:
858 3275 1004 3346 „uirtutes
1027 3279 1095 3332 tuas
1194 3294 1271 3351 quae
1300 3274 1377 3334 domi

246 3375 397 3455 duellique
426 3379 505 3437 male
533 3377 660 3438 lecisti“.
706 3376 791 3454 Capt.
817 3378 893 3435 918:
929 3397 983 3449 „ex
1010 3377 1138 3436 miseriis
1166 3377 1306 3454 plurimis
1333 3397 1378 3435 me

246 3486 434 3553 exemerunt,
459 3499 535 3558 quae
559 3527 565 3540 .
586 3526 592 3538 .
614 3526 620 3539 .
644 3477 878 3540 sustentabam“.
923 3479 1003 3539 Men.
1029 3479 1105 3538 969:
1140 3485 1190 3550 ,ut
1219 3479 1378 3556 imperium

245 3599 342 3639 meum
365 3581 521 3658 Sapienter
548 3582 685 3642 habeatis
713 3601 817 3655 curae,
842 3601 918 3657 quae
940 3581 1088 3660 impereui
1115 3587 1207 3658 atque
1229 3579 1376 3658 impero“.
1472 3591 1473 3598 ’

246 3683 365 3743 Terent.
389 3682 497 3743 Heaut.
522 3687 583 3743 876
608 3704 667 3762 sq.:
703 3683 847 3756 „Quidum
870 3685 975 3743 herum
998 3703 1098 3742 rerum
1122 3685 1277 3756 conuenit,
1303 3703 1377 3761 quae
1472 3689 1473 3706 ¹

247 3789 317 3844 eunt
339 3783 449 3844 dicta“.
485 3785 546 3844 Nec
567 3786 662 3844 multo
685 3785 774 3844 ahter
795 3788 859 3863 ipse
882 3786 985 3846 Cicero
1008 3785 1045 3844 de
1067 3784 1134 3844 Fin.
1157 3784 1215 3857 III,
1240 3787 1296 3858 21,
1321 3787 1376 3844 70:

251 3887 437 3961 ,Amicitiam
455 3887 652 3946 adhibendam
669 3909 733 3947 esea
751 3894 880 3962 censent,
900 3889 971 3966 quia
989 3889 1029 3946 sit
1052 3909 1088 3946 ex
1111 3907 1146 3946 eo
1169 3905 1287 3963 genere,
1312 3907 1376 3965 qna

244 3986 404 4066 prosunt“.
449 3989 529 4049 Alibi
552 3989 691 4049 licentius
714 4010 732 4049 a
754 3991 900 4069 singulari
930 3991 967 4050 ed
989 3991 1136 4068 pluralem
1159 3991 1321 4063 transitur,
1344 3997 1377 4049 ut
1472 4047 1473 4066 ,

247 4110 340 4168 supra
362 4092 432 4150 724.
477 4090 567 4150 Most.
594 4094 669 4152 550:
707 4091 784 4165 „Sed
806 4093 1017 4152 Philolachetis
1040 4113 1159 4152 seruam
1182 4113 1282 4152 aecum
1306 4093 1375 4152 Tra·

247 4195 339 4266 nium,
363 4193 421 4265 Qui
442 4193 516 4251 mihi
537 4213 592 4253 neo
610 4196 695 4254 fenus
712 4215 765 4253 nac
783 4201 894 4254 sortem
912 4195 1029 4274 argenti
1047 4191 1192 4254 danunr‘&
1216 4195 1287 4254 Aul.
1300 4197 1373 4254 429:

252 4294 369 4366 ,Etiam
401 4296 531 4369 rogitas,
566 4297 690 4356 sceleste
723 4297 835 4358 homo?
869 4299 921 4376 qui
955 4297 1078 4374 angulos
1111 4297 1207 4356 omnis
1241 4297 1374 4357 Mearum
1441 4348 1445 4360 .
1472 4293 1473 4296 ’

248 4395 365 4454 aedium
389 4402 419 4452 et
442 4397 627 4455 conclauinm
650 4399 722 4456 mihi
744 4401 880 4475 peruiam
901 4397 1031 4458 facitis“.
1066 4399 1138 4457 Cist.
1156 4400 1230 4457 554:
1259 4401 1373 4470 „Uesti-
