2992 5054
276 509 316 570 69
791 499 884 552 Plauti
1146 499 1345 567 Haeo-lv,
1358 503 1404 568 1‚5

274 691 321 758 Ut
342 690 444 756 filium
466 671 698 771 bonum⁸patri
717 709 788 753 esse
808 693 950 772 oportet,
967 689 1047 753 item
1064 709 1125 772 ego
1142 709 1213 754 sum
1229 691 1331 773 patri
1356 700 1406 752 985

275 800 408 866 Amanti
429 797 665 881 subparasitor,
688 795 812 876 hortor,
835 801 918 876 asto,
942 797 1111 878 admoneo,
1135 798 1278 882 gaudem

276 907 389 992 Siquid
413 907 501 990 patri
522 905 623 988 uolup
646 912 710 985 est,
732 904 887 988 uoluptas
916 927 956 970 ea
978 905 1059 970 mihi
1081 905 1185 972 multo
1207 915 1405 973 maxumast

274 1017 386 1096 Amat3
410 1015 504 1098 sapit.
538 1015 640 1079 Recte
662 1013 751 1094 feeit,
774 1015 882 1078 animo
905 1013 1035 1096 quando
1058 1014 1252 1096 obsequitur
1274 1037 1348 1095 suo,

275 1124 369 1204 Quod
392 1125 496 1188 omnis
518 1121 665 1188 homines
686 1120 795 1187 faeere
813 1128 954 1205 oportet,
972 1121 1048 1186 dum
1066 1122 1099 1186 id
1117 1123 1213 1188 modo
1230 1122 1290 1188 fiat
1305 1125 1407 1190 bono.

274 1235 369 1299 Nune
391 1231 661 1316 Amphitruonem
679 1231 751 1295 uolt
769 1231 881 1296 deludi
898 1251 989 1296 meus
1007 1237 1116 1314 pater3
1133 1229 1209 1297 faxo
1225 1232 1333 1316 probe
1358 1242 1409 1294 990

274 1341 345 1407 Iam
366 1340 420 1404 hie
442 1339 624 1418 deludetur,
648 1345 860 1424 spectatores,
883 1339 977 1404 uobis
1000 1340 1235 1422 spectantibus.

276 1449 411 1533 Gapiem
435 1468 589 1513 eoronam
608 1448 687 1512 mihi
703 1447 736 1512 in
755 1454 864 1530 eaput,
883 1447 1088 1512 adsimulabo
1106 1470 1157 1513 me
1176 1469 1248 1514 esse
1266 1449 1409 1528 ebrium,

274 1557 380 1640 Atque
402 1557 482 1622 illue
503 1577 631 1622 sursum
655 1555 847 1635 esoender03
870 1555 946 1620 inde
968 1563 1101 1639 optume
1119 1557 1277 1640 aspellam
1294 1559 1409 1623 uirum

275 1665 324 1730 De
346 1685 474 1749 supero,
498 1685 598 1750 quom
619 1664 684 1729 hue
706 1664 897 1742 accesserit3
921 1663 1040 1728 faciam
1062 1670 1101 1728 ut
1121 1667 1164 1730 eit
1181 1665 1338 1731 madidus
1358 1689 1411 1732 so-

978 1772 1092 1837 -brius

275 1883 401 1948 Deinde
424 1881 471 1947 illi
493 1887 642 1946 actutum
664 1879 800 1946 sufferet
822 1901 899 1946 suus
922 1902 1036 1946 seruos
1058 1901 1182 1966 poenas
1205 1881 1314 1962 Sosia;
1359 1891 1411 1944 995

275 1991 359 2056 Eum
380 1988 496 2056 fecisse
518 1989 574 2056 ille
596 1990 694 2055 hodie
716 1995 841 2070 arguet,
864 2009 949 2071 qnae
972 2011 1033 2072 ego
1053 1989 1163 2056 fecero
1181 1989 1250 2071 hie;
1273 1991 1360 2073 quid
1375 1993 1412 2056 id

993 2098 1089 2164 mea?

274 2207 348 2273 Meo
371 2229 422 2272 me
446 2211 616 2290 aequomst
637 2206 834 2289 morigerum
851 2205 939 2288 patri
957 2225 1039 2286 esse,
1062 2207 1132 2272 eius
1151 2205 1261 2272 studio
1279 2209 1411 2272 seruire

994 2313 1142 2380 addecet.

277 2421 341 2488 Sed
364 2443 477 2488 eooum
498 2423 777 2506 Amphitruonem,
801 2421 944 2487 aduenit.
980 2420 1051 2486 Iam
1072 2422 1130 2488 ille
1152 2421 1205 2487 hie
1229 2423 1411 2490 deludetur

993 2530 1105 2614 probe,

318 2637 368 2722 [Si
391 2636 522 2723 quidem
545 2661 603 2704 uos
625 2639 724 2704 uoltis
748 2637 966 2703 auscultando
990 2660 1126 2722 operam
1149 2639 1238 2704 dare.

318 2747 376 2812 Ibo
398 2749 496 2825 intro,
520 2753 672 2812 ornatum
695 2747 822 2830 capiam
846 2747 901 2829 qui
923 2747 1011 2830 potis
1034 2747 1144 2827 deeet3
1343 2750 1413 2802 1000

317 2855 400 2921 Dein
418 2875 531 2920 susum
548 2855 724 2920 ascendam
740 2857 774 2920 in
791 2861 923 2936 tectum,
941 2861 978 2920 ut
994 2855 1087 2920 illum
1098 2855 1175 2919 hino
1186 2853 1410 2940 prohibeam]

706 3241 969 3308 AMPHITRUO.

217 3391 218 3394 '
275 3398 473 3463 Naucratem
495 3418 591 3480 quem
614 3399 791 3463 conuenire
814 3397 912 3476 uolui,
934 3397 968 3461 in
990 3397 1066 3460 naui
1087 3415 1154 3460 non
1177 3403 1257 3475 erat,

275 3506 390 3591 Neque
418 3506 506 3572 domi
531 3527 637 3589 neque
664 3505 699 3570 in
726 3505 807 3570 urbe
835 3506 966 3570 inuenio
995 3523 1191 3586 quemquam
1219 3505 1277 3589 qui
1310 3507 1409 3572 illurn

990 3610 1125 3692 uiderit3

275 3724 360 3790 Nam
382 3725 486 3789 omnis
508 3724 634 3807 plateas
656 3721 853 3807 perreptaui,
875 3721 1043 3804 gymnasia
1066 3725 1099 3784 et
1120 3721 1317 3804 myropolia3

276 3829 372 3914 Apud
399 3833 580 3914 emporium
607 3837 707 3914 atque
734 3830 768 3895 in
795 3828 949 3908 macello,
976 3830 1010 3893 in
1037 3826 1205 3911 palaestra
1238 3835 1341 3913 atque
1374 3831 1409 3894 in

993 3934 1075 4017 foro,
1337 3937 1409 3990 1006

277 4047 315 4112 In
337 4046 516 4127 medicinis,
539 4047 573 4111 in
595 4047 775 4126 tonstrinis,
798 4046 886 4130 apud
908 4045 1012 4114 omnis
1035 4045 1125 4110 aedis
1143 4052 1259 4110 saeros

345 4303 397 4357 985
414 4301 513 4356 itidem
531 4317 584 4370 ego
602 4317 656 4370 ego
729 4301 780 4355 988
798 4299 1027 4370 subparasitabor
1095 4301 1146 4354 989
1163 4297 1215 4352 flat
1283 4299 1335 4354 998
1356 4301 1407 4354 ois-

277 4389 380 4458 pellsm
448 4389 499 4441 996
517 4387 585 4456 quid
602 4403 665 4439 mee
732 4388 783 4440 997
801 4403 860 4440 esse
877 4401 928 4440 om.
1000 4386 1067 4438 1002
1084 4383 1257 4454 Naugratem
