2956 5018
213 483 273 546 122
727 477 821 534 Plauti
1109 479 1348 551 malm-189

648 665 902 734 Philaenium

208 775 350 842 Ecastor
371 773 489 842 ambae
511 779 588 842 sunt
607 773 725 842 bonae.

649 905 899 989 Argyrippus

732 1012 850 1092 Seiam,
873 1011 931 1078 nbi
951 1011 1032 1079 boni
1054 1014 1134 1098 quid
1156 1014 1321 1084 dederint.

684 1141 865 1208 Leonida

209 1253 298 1338 Opta
318 1250 364 1333 id,
386 1249 475 1336 quod
496 1255 534 1316 ut
556 1250 728 1331 contingat
749 1249 811 1315 tibi
833 1249 893 1314 nie.

648 1379 897 1466 Argyrippus

891 1485 985 1568 Quid,
1008 1489 1037 1555 ei
1059 1489 1201 1574 optare?

683 1617 865 1685 Leonida

1188 1707 1346 1774 Eueniet'.

647 1811 899 1897 Argyrippus

208 1919 294 2007 Opto
317 1941 440 1986 annum
460 1919 548 1985 huno
569 1923 764 2003 perpetuum
785 1919 866 1983 mihi
888 1918 985 1984 huius
1008 1941 1134 2006 operas.

686 2047 865 2116 Leonida

1147 2133 1341 2221 Inpetrasti.

647 2240 898 2325 Argyrippus

206 2329 270 2395 Ain
290 2327 393 2395 uero?

682 2433 864 2501 Leonida

405 2542 504 2609 Certe
526 2543 669 2627 inquam.

683 2671 863 2738 Libanus

587 2780 639 2846 nd
660 2801 712 2846 me
735 2779 793 2845 adi
813 2778 961 2845 uicissim
983 2785 1082 2862 atque
1105 2780 1264 2865 experire.
1287 2789 1341 2844 715
1466 2817 1470 2824 ,

206 2889 338 2974 Exopta
358 2887 403 2970 id,
426 2887 515 2973 qnod
535 2889 587 2954 uie
609 2909 760 2954 maxume
781 2887 845 2953 tibi
867 2888 1016 2970 euenire;
1038 2886 1103 2953 fiet.

645 3018 698 3084 Ar
757 3021 791 3084 ri
853 3041 898 3085 ue

207 3126 294 3206 Quid
316 3148 376 3211 ego
399 3126 491 3193 aliud
513 3131 666 3211 exoptem
689 3041 917 3210 affiplitlispnisi
938 3126 1029 3208 illud,
1050 3127 1166 3212 quoius
1183 3127 1338 3211 inopiaet

205 3233 332 3317 Uiginti
353 3235 484 3318 argenti
506 3232 694 3301 commodas
716 3235 832 3310 minas,
855 3233 952 3299 huius
974 3255 1055 3319 quas
1078 3234 1153 3301 dem
1174 3235 1296 3300 matri?

682 3363 860 3430 Libanus

205 3470 396 3554 Dabuntur3
420 3472 530 3538 animo
552 3473 597 3538 sie
618 3471 706 3538 bono
728 3471 817 3554 faoe;
841 3478 997 3558 exoptata
1019 3473 1201 3558 optingent.

646 3595 897 3682 Argyrippus

205 3702 252 3770 Ut
273 3724 442 3785 consuere,
464 3703 613 3770 homines
636 3703 733 3771 Salus
755 3702 936 3771 finetratnr
957 3710 991 3771 et
1012 3703 1170 3770 Fortuna.
1286 3713 1339 3768 '720

680 3812 860 3879 Leonida

205 3917 275 4002 Ego
298 3922 400 4004 eaput
419 3917 497 3985 huie
520 3925 657 4002 argento
679 3920 728 3986 fui
751 3921 810 3986 tibi
830 3919 930 3987 hodie
951 3919 1159 4005 reperiendo.

683 4027 860 4094 Libanus

205 4111 276 4193 Ego
298 4133 357 4195 pes
378 4111 437 4178 fni.

146 4419 152 4430 ι
273 4345 324 4398 ’715
343 4343 379 4398 ed
396 4343 520 4399 nioiaeim
589 4347 642 4400 Ι718
660 4344 795 4414 quaedam
863 4347 913 4400 721
932 4344 987 4400 huo
1039 4344 1093 4400 tibi
1111 4360 1161 4400 om.
