2956 5018
578 501 790 572 Prolegomena.
1189 510 1250 574 155

110 699 146 753 ut
167 714 207 754 ex
228 697 300 774 Ipso
323 695 391 755 cod.
406 695 432 754 B
449 695 617 774 descriptus
638 697 735 774 possit
754 695 865 771 videri3
887 701 959 756 utut
979 703 1034 772 est,
1057 700 1123 786 stne
1144 719 1252 777 magna

110 797 256 858 molestia
287 800 470 857 testimoniis
503 799 567 858 eius
600 819 702 858 carere
729 818 898 875 possumus.
941 799 1027 859 Idem
1055 799 1251 862 confidentius

110 901 202 958 etiam
233 899 274 958 da
304 898 406 959 codice
428 902 524 959 musei
545 899 710 990 Britpnnici
733 907 801 960 octo
820 903 958 980 priorum
980 902 1149 962 fabularum
1172 901 1251 978 (Ric-
1375 922 1385 936 ·

109 1001 217 1062 sohelii
240 999 270 1078 1)
300 1001 450 1062 affirmare
478 1021 607 1079 possum.
652 1003 709 1075 Qui
737 1005 872 1082 quamvis
899 1005 1080 1081 antiquitate
1106 1025 1251 1066 memora·

109 1102 180 1163 bilis
209 1107 268 1179 sit,
291 1125 362 1164 nam
383 1103 427 1162 XI
450 1109 503 1164 aut
522 1103 582 1164 XII
604 1105 711 1164 saeculo
742 1105 872 1184 scriptus
894 1106 1029 1181 ridetur,
1053 1113 1154 1168 tamen
1175 1109 1252 1168 nibil

111 1208 238 1268 omnino
269 1207 342 1267 novi
370 1206 459 1266 offert
486 1212 598 1284 prater
620 1226 751 1279 errores,
775 1209 828 1284 qui
850 1212 882 1266 et
903 1209 962 1287 ipsi
985 1229 1022 1267 ex
1043 1209 1146 1269 eodem
1167 1211 1251 1270 fonte

112 1304 163 1382 (B)
188 1310 271 1368 mala
294 1308 432 1369 derivato
451 1311 512 1370 orti
527 1309 678 1370 videntur.
713 1309 812 1381 Quare
833 1311 896 1368 eins
917 1311 1091 1388 scripturas,
1114 1314 1251 1389 quamvis

111 1415 182 1470 ante
206 1413 328 1489 aliquot
350 1431 444 1470 annos
466 1413 660 1485 enotaverim,
683 1411 732 1470 hic
753 1411 907 1488 publicare
929 1413 1038 1471 inutile
1056 1413 1131 1472 mihi
1155 1415 1252 1474 visum

111 1518 168 1570 est.
215 1511 351 1572 Facilius
374 1514 464 1572 etiam
486 1513 691 1586 excusabitur,
722 1512 804 1591 quod
830 1519 999 1574 ceterorum
1026 1515 1176 1589 codicum,
1200 1516 1253 1594 qui

111 1613 211 1673 multo
234 1617 418 1675 recentiores
441 1621 510 1675 sunt
531 1621 562 1675 ct
582 1615 645 1674 iere
662 1614 719 1674 XV
738 1615 847 1676 saeculo
869 1617 983 1693 scrtpti,
1007 1618 1171 1696 scripturas
1192 1636 1253 1675 non

111 1718 251 1776 enotavi·
296 1717 429 1789 Quorum
458 1719 592 1795 quamvis
618 1719 724 1777 unicus
751 1723 898 1795 patronus
925 1721 1060 1778 extiterit
1082 1718 1252 1796 Geppsrtus

114 1813 222 1891 (stud.
243 1817 344 1878 Fiant,
366 1819 390 1891 I,
413 1839 443 1898 p.
469 1821 508 1878 89
532 1840 597 1898 sqq.
621 1816 674 1893 al.)
697 1819 833 1879 Italicam
856 1819 1005 1898 quandam
1027 1821 1128 1880 Plauti
1152 1839 1252 1879 recon-

114 1921 235 1980 siouem
257 1921 384 1981 laudans
400 1926 431 1980 et
447 1920 574 1982 Parisini
596 1922 708 1981 codicis
730 1940 748 1979 s
770 1941 803 1980 se
826 1923 928 1982 collati
949 1924 1057 1982 merita
1078 1922 1251 2000 praedicans,

115 2023 192 2082 nihil
222 2029 323 2084 tamen
351 2023 469 2097 attulit,
501 2043 559 2101 quo
589 2023 808 2097 dubitaremus,
831 2025 904 2100 quin
927 2045 946 2082 a
966 2025 1032 2084 cod
1056 2023 1084 2084 D
1106 2025 1253 2098 originem

115 2125 254 2186 trahent.
298 2125 375 2184 Nam
402 2124 497 2184 sicubi
523 2128 644 2186 veriora
670 2127 820 2204 praebent,
848 2125 912 2185 haec
940 2131 993 2184 aut
1016 2125 1098 2185 felici
1119 2127 1253 2185 virorum

117 2225 280 2286 doctorum
324 2227 494 2286 coniectura
536 2229 660 2287 inventa
702 2233 772 2287 sunt
814 2233 867 2287 aut
905 2247 942 2286 ex
980 2228 1252 2305 grammaticorum,

117 2331 250 2388 maxime
271 2328 363 2388 Nonii
384 2333 415 2388 et
435 2328 594 2403 Prisciani,
618 2329 703 2388 libris
725 2327 892 2403 fluxerunt;
914 2349 969 2406 pro
991 2331 1164 2389 testimonio
1189 2347 1253 2388 esse

118 2450 181 2491 non
203 2437 340 2510 possunt.

207 2533 347 2607 Duobus,
367 2553 443 2610 qnos
465 2533 633 2610 sequendos
655 2531 812 2610 elegimus,
836 2532 988 2592 codicibus
1009 2533 1117 2592 tertius
1139 2533 1254 2592 accedit

120 2636 394 2713 palimpsestus
424 2635 696 2694 Ambrosianus
730 2631 856 2708 (Ritsob.
889 2631 948 2709 A),
982 2637 1044 2708 oui,
1080 2636 1105 2694 si
1137 2636 1255 2709 integer

122 2743 255 2811 cxtmet,
278 2738 328 2795 vel
348 2741 474 2815 propter
497 2739 706 2815 antiquitatem
727 2765 771 2778 -·-
792 2757 861 2794 nam
884 2737 991 2814 quinto
1012 2742 1084 2815 post
1104 2737 1254 2797 Christum

7 2908 8 2935 1
121 2847 225 2899 natum
259 2839 366 2898 seculo
399 2841 529 2917 scriptus
560 2839 682 2898 videtur
707 2867 752 2880 -
777 2839 893 2916 primus
921 2841 1053 2898 omnium
1085 2839 1168 2898 locus
1199 2839 1253 2896 tri·

8 2952 11 3017 5
121 2939 259 3001 brandus
286 2945 365 3014 erat,
399 2941 454 3000 sed
484 2941 641 3014 librarius,
675 2941 728 3017 qui
760 2947 865 2999 octavo
898 2939 961 2998 iere
990 2939 1099 3000 saeculo
1127 2939 1254 2998 aliarum

6 3024 9 3117 ,¹
123 3043 364 3102 membranarum
395 3044 497 3120 inopia
528 3035 661 3102 Plautini
693 3041 803 3100 codicis
835 3041 916 3102 foliis
948 3061 1019 3102 usus
1051 3046 1111 3115 est,
1146 3041 1255 3118 quibus

124 3145 217 3206 Vetus
250 3145 472 3204 Testamentum
503 3145 611 3204 Latino
649 3163 768 3204 versum
806 3143 966 3218 scriberet,
1000 3141 1099 3202 deleta
1132 3144 1256 3220 antiqua

125 3251 287 3325 scriptura,
310 3247 453 3326 reliquias
476 3249 539 3306 cius
560 3247 645 3306 novis
666 3246 778 3304 litteris
806 3245 989 3304 crassissimo
1017 3245 1130 3303 calamo
1157 3244 1255 3303 ductis

125 3351 169 3409 ita
194 3351 369 3423 occultavit,
398 3355 433 3409 ut
459 3368 611 3427 perpauca
637 3348 728 3407 bodie
755 3347 817 3422 legi
842 3348 967 3423 possint.
1013 3347 1078 3418 Qus
1104 3367 1138 3406 re
1166 3365 1256 3424 quam

125 3454 292 3530 pretiosum
311 3451 477 3512 subsidium
494 3453 634 3510 emissum
651 3453 701 3523 sit,
720 3449 834 3521 mutila,
856 3467 922 3524 quse
945 3452 1058 3522 extant,
1082 3453 1114 3507 et
1133 3449 1255 3506 incerta

125 3554 264 3612 lectionis
285 3555 454 3628 fragmenta
475 3551 653 3623 ostendunt3
676 3571 746 3610 uam
768 3551 817 3610 uel
839 3569 876 3608 ex
897 3549 945 3608 his
967 3555 998 3608 et
1019 3551 1130 3624 integri
1151 3565 1256 3607 versus

125 3658 191 3716 erui
212 3660 392 3734 potueruut,
422 3656 474 3733 qui
500 3657 532 3714 in
559 3655 668 3713 ceteris
695 3651 848 3714 codicibus
875 3650 1061 3724 exciderant,
1088 3655 1119 3710 et
1140 3668 1257 3708 errores

127 3757 275 3817 emendati
296 3775 459 3834 versusque
481 3749 592 3815 rectius
615 3754 757 3832 descripti
779 3757 857 3812 sunt
901 3751 1004 3812 Facile
1031 3756 1157 3830 apparet
1178 3750 1256 3809 bunc

128 3859 258 3920 codicem
275 3861 385 3918 nostris
401 3860 594 3936 integriorem
610 3857 715 3929 fixisse,
738 3855 790 3914 sed
806 3854 884 3914 illud
900 3873 1020 3932 quoque
1038 3855 1172 3932 apparet,
1196 3871 1257 3911 non

127 3962 260 4022 eiusdem
282 3961 461 4021 recensionis
483 3961 574 4020 firisse
596 3979 650 4018 neo
671 3978 728 4036 pro
745 3957 828 4016 sonte
845 3962 1016 4016 ceterorum
1032 3953 1136 4014 haberi
1152 3973 1256 4031 possc;

128 4065 217 4124 immo
240 4065 305 4123 eius
326 4083 445 4141 quoque
468 4082 583 4120 errores
609 4061 762 4120 interdum
789 4064 959 4118 ceterorum
986 4057 1158 4116 testimonio
1187 4074 1256 4114 con·

128 4167 303 4238 vincuntur,
333 4185 387 4224 nec
416 4183 534 4241 semper
562 4165 825 4239 grammaticorum
857 4160 978 4237 ingenio
1010 4159 1085 4218 tales
1118 4155 1257 4216 emenda·

129 4269 226 4328 tiones
249 4267 350 4327 deberi
371 4271 506 4345 possunt.
