2960 5038
556 483 768 554 Proiepomenu

614 757 721 844 vm.

519 929 572 1008 Do
599 933 813 1028 prosodia.

182 1193 227 1256 Ut
247 1194 281 1254 in
297 1192 402 1252 meu-is
421 1213 469 1252 urs
485 1192 618 1254 noudum
634 1194 754 1254 exouitu
770 1193 906 1272 quaedum
921 1191 979 1254 sibi
995 1195 1085 1256 liuere
1101 1197 1231 1274 putonii,

91 1315 162 1372 quoe
185 1315 243 1356 neo
259 1293 361 1355 Grmoi·
379 1315 434 1356 neo
455 1315 558 1356 eorum
580 1295 689 1371 ennii,
712 1296 813 1357 Latini
834 1297 981 1376 Augustei
1002 1298 1103 1358 sonuli
1124 1305 1232 1377 poetae,

90 1397 274 1476 probarunt,
286 1397 331 1456 itu
341 1398 433 1458 etn’em
446 1399 478 1458 in
495 1397 678 1476 syllabarum
693 1399 840 1458 mensuris
856 1404 953 1460 metro
970 1400 1232 1464 accommodandis

92 1497 224 1560 Plautus
250 1519 313 1560 non
339 1504 402 1560 tem
429 1502 520 1562 tertie
547 1500 666 1578 legibus
695 1501 891 1580 edstringitur
918 1523 1009 1582 quum
1040 1505 1232 1582 posteriores.

92 1601 195 1674 Quum
221 1602 312 1662 metri
338 1607 450 1662 neturo
474 1603 574 1679 legem
599 1604 702 1682 ponit,
729 1608 766 1664 ιιι
793 1605 825 1664 iu
852 1623 942 1666 versu
970 1605 1083 1683 quevis
1116 1607 1234 1686 spllsbe

93 1709 149 1762 sut
171 1704 267 1780 longo
288 1708 343 1763 sut
363 1703 464 1764 breuis
492 1705 547 1779 sit,
575 1704 673 1764 eidem
700 1709 866 1766 eommunis
893 1708 1046 1767 homiuum
1075 1727 1175 1769 sermo
1201 1711 1233 1770 in

93 1807 251 1886 plerisque
273 1806 410 1866 omnssrus
431 1811 535 1885 peret,
557 1827 612 1866 neo
633 1812 735 1868 temen
756 1807 822 1868 fieri
843 1829 904 1870 non
925 1813 1039 1890 potest,
1061 1813 1098 1870 nt
1117 1810 1235 1888 spilebe

94 1909 201 1988 utique
228 1909 316 1986 quusi
341 1909 373 1969 in
401 1909 500 1970 medio
528 1909 632 1970 reliotu
659 1915 722 1970 turn
748 1931 806 1990 pro
833 1911 924 1991 longe
950 1931 1039 1989 quum
1065 1931 1122 1992 pro
1148 1912 1234 1972 brevi

95 2031 161 2072 esse
179 2013 286 2092 possit
315 2009 369 2070 Fit
381 2010 447 2086 hoo,
466 2013 594 2072 maxime
610 2011 662 2072 ubi
679 2032 840 2074 oonoureus
856 2014 988 2093 plurium
1005 2016 1233 2074 consonantium

94 2114 210 2192 lingum
243 2111 454 2174 diffioultetem
491 2113 624 2194 aliquem
660 2115 877 2194 pronuntiandi
911 2121 1008 2191 orest,
1041 2121 1077 2176 ut
1109 2116 1233 2194 epllsbu,

95 2217 238 2292 qumvis
264 2215 376 2276 roouiie
405 2223 602 2278 oonsonsnies
628 2217 696 2278 illue
724 2218 904 2280 unteoedens
931 2217 1032 2278 brevis
1056 2219 1112 2294 sit,
1134 2223 1235 2280 tumen

96 2317 264 2380 difficulter
294 2337 352 2398 pro
384 2317 469 2378 brevi
499 2319 723 2398 pronuntietur.
768 2321 828 2382 Sed
855 2341 946 2399 quom
974 2320 1034 2381 eibi
1060 2321 1116 2382 huo
1142 2322 1175 2384 iu
1202 2341 1235 2382 re

96 2421 252 2496 posterior
273 2423 348 2480 mter
369 2417 437 2480 fixit
457 2421 616 2499 positionis
638 2423 742 2501 legem,
766 2443 831 2484 eem
847 2422 973 2484 Plautus
990 2424 1124 2485 nondum
1145 2443 1235 2504 ugno-

97 2541 183 2584 soere
204 2522 340 2597 videtur,
364 2521 446 2602 opud
468 2543 556 2602 quom
578 2543 639 2584 non
660 2524 758 2584 solum
785 2529 869 2585 mute
895 2531 965 2586 ente
987 2526 1132 2604 liquidem
1153 2529 1235 2608 posi·

97 2626 214 2686 tionem
235 2645 297 2686 non
317 2625 407 2699 noir,
431 2625 542 2686 sedne
565 2631 671 2687 oeterae
693 2627 815 2706 quidem
841 2633 1040 2690 ooneouentes
1063 2631 1236 2710 compositu

96 2745 219 2808 semper
239 2728 363 2788 fseiunt.
392 2727 505 2788 Verum
527 2729 619 2788 etium
641 2728 771 2806 syllabus
786 2749 847 2790 unu
863 2732 1043 2792 consonanti
1058 2733 1237 2795 terminatas

97 2832 364 2908 posteriorumque
384 2828 497 2890 iuditio
519 2835 690 2891 oonstunter
709 2830 816 2892 breves
834 2832 987 2894 interdum
1003 2833 1085 2913 spurt
1095 2832 1236 2895 Plautum

98 2932 266 3009 produotns
287 2933 430 2992 invenies.
475 2931 534 2993 Hio
555 2935 716 3010 quoerItur,
738 2940 840 2994 utrum
861 2941 955 3014 poeto
975 2941 1101 3015 propter
1125 2937 1237 3014 lingum

101 3034 234 3116 inopium
260 3035 371 3096 vitiose
397 3034 518 3096 liuentis
544 3055 616 3096 usus
643 3035 697 3111 uit,
726 3057 766 3096 en
792 3038 885 3097 etium
912 3041 999 3098 extre
1031 3058 1150 3099 vernum
1182 3039 1237 3100 hus
1295 3105 1299 3112 ,

101 3137 233 3212 syllabus
261 3137 352 3197 eliter
377 3141 470 3216 utque
496 3139 681 3216 postes-tores
703 3140 954 3217 pronuntiaverit.
998 3139 1042 3200 Ao
1070 3144 1155 3216 sunt,
1184 3142 1237 3221 qui

102 3239 228 3300 eredunt
259 3241 426 3318 antiquitus
453 3239 593 3300 Latinum
625 3240 760 3319 linguam
791 3241 890 3320 longis
922 3240 1044 3318 eyllebis
1076 3241 1236 3302 edmoduur

102 3339 284 3417 ebundmse,
312 3362 416 3402 eurum
442 3342 553 3402 multos
580 3344 690 3402 sensim
716 3343 749 3402 in
775 3342 882 3404 breves
908 3343 1068 3418 monuisse,
1096 3343 1238 3404 Plautum

103 3449 204 3504 sutem
232 3463 268 3504 eo
295 3447 430 3522 tempore
457 3445 583 3518 vixisse,
612 3465 672 3523 quo
701 3446 793 3508 otium
820 3465 900 3505 nuno
927 3451 1079 3506 restarent
1109 3447 1239 3522 vestigia

102 3541 318 3624 longitudinis,
348 3565 414 3624 quae
442 3546 480 3606 sb
507 3547 596 3606 initio
624 3547 739 3606 fuisset
783 3545 908 3606 Mollem
930 3566 980 3606 eos
1002 3545 1130 3622 dixisse,
1159 3547 1239 3608 eius·

105 3647 184 3707 modi
212 3647 358 3724 syllabus,
387 3667 462 3726 ques
488 3649 689 3726 posteriorum
715 3669 877 3709 ooneeneus
905 3647 1011 3708 breves
1039 3667 1103 3708 esse
1131 3649 1238 3726 voluit,

105 3745 246 3810 Plautina
267 3753 358 3810 estote
380 3751 527 3828 ancipites
550 3750 656 3826 fuisse5
679 3771 750 3811 num
771 3751 875 3830 quales
898 3755 967 3810 onte
977 3750 1080 3811 Plauti
1097 3751 1239 3812 seculum

105 3849 227 3926 fuerint,
250 3852 372 3913 omnino
394 3853 575 3931 ignoremus.
620 3853 688 3928 sed,
712 3854 796 3931 quod
817 3853 856 3913 ed
877 3873 941 3913 rem
962 3854 1081 3929 attinet,
1104 3856 1130 3914 si
1151 3861 1241 3935 peret

108 3971 208 4014 omnes
232 3954 352 4013 omnino
373 3955 481 4014 breves
509 3955 639 4032 syllabae
660 3954 801 4015 Plautum
828 3954 1020 4032 produxisse,
1048 3957 1239 4036 negligentiis

107 4057 195 4116 metn'
228 4075 318 4116 oense
351 4057 514 4116 commisere
547 4057 603 4116 hoo
629 4057 822 4118 tribuendum
850 4057 983 4133 videon,
1012 4059 1060 4118 sin
1089 4059 1129 4120 ed
1155 4065 1241 4120 oerte

108 4157 244 4234 quedem
272 4157 455 4236 eplluberum
481 4158 593 4237 genere
619 4158 682 4218 hoeo
709 4159 831 4220 licentis
856 4161 1003 4238 pertinet,
1032 4179 1069 4220 ee
1089 4161 1142 4220 'nilo
1163 4166 1240 4222 tem·

108 4278 178 4336 pore
207 4261 350 4338 unoipitie
376 4261 469 4320 fuisse
496 4263 560 4320 veri
585 4261 682 4320 simile'
703 4267 758 4322 est.
803 4261 919 4322 Rursus
941 4282 1003 4322 non
1024 4283 1094 4324 ruro
1116 4263 1239 4341 munte

109 4359 202 4442 longe
225 4361 461 4442 epudPleutnm
479 4364 590 4441 oorripi
609 4363 757 4439 videntur,
781 4365 909 4424 maxime
930 4365 975 4425 ite
995 4369 1039 4440 ιιι,
1061 4364 1115 4426 ubi
1136 4385 1241 4434 verene

1002 4479 1035 4534 18
