2960 5038
213 456 274 516 230
686 449 862 519 Amphitruo.

211 645 312 702 Iovem
334 665 400 703 cum
423 645 572 704 Mercurio
599 644 740 703 adulterii
768 665 858 702 88888
885 648 1070 720 grassantem
1098 645 1209 702 comico
1235 642 1344 702 hebitn
1460 679 1461 682 =

211 745 362 804 exhibens.
408 745 469 806 Vas
491 749 677 806 notissimum
700 749 828 824 primum
851 745 946 804 edidit
967 737 1211 818 D'Hanoorville,
1234 745 1343 822 Antiq.

211 847 328 906 Etrusc.
352 849 407 922 IV,
436 850 478 926 pl.
502 849 564 922 CV,
595 848 702 908 deinde
724 849 966 920 Winokelmenn,
995 849 1076 906 Mon.
1105 847 1184 906 ined.
1213 835 1243 906 8.
1271 849 1342 921 190,
1460 873 1461 896 1

212 949 243 1007 C.
268 949 301 1010 0.
325 951 449 1022 Miiller,
473 951 652 1009 1188188188
681 952 735 1008 der
762 953 843 1009 alten
865 951 964 1010 Kunst
984 950 1028 1024 Il,
1052 971 1081 1008 8.
1105 951 1161 1022 49,
1184 949 1342 1022 1118881188,

212 1051 474 1128 Theatergebtude
497 1053 558 1110 und
581 1053 762 1112 1188188188
784 1054 835 1112 des
858 1053 1095 1112 Bithueuwesens
1117 1053 1170 1125 IX,
1198 1054 1247 1111 11.

298 1153 362 1224 Quo
387 1175 463 1213 anno
485 1155 548 1214 haec
561 1156 661 1214 Plauti
683 1155 782 1214 fabula
800 1158 930 1232 primum
953 1161 1019 1212 acta
1042 1157 1090 1228 sit,
1114 1157 1235 1213 omnino
1258 1155 1343 1231 igno·

211 1275 326 1327 remus;
350 1277 418 1314 nam
441 1277 564 1334 prorsus
587 1257 673 1316 nihili
696 1265 748 1328 est,
773 1257 1053 1333 quodLadewigius
1076 1258 1095 1315 l.
1120 1257 1139 1314 l.
1163 1277 1199 1314 ex
1221 1257 1344 1334 prologi

211 1377 270 1415 888.
295 1359 332 1416 91
357 1379 401 1434 sq.
426 1379 492 1418 cum
514 1359 600 1418 Livio
623 1359 759 1432 XXXIV,
782 1362 839 1432 44,
865 1361 882 1417 6
906 1381 950 1436 sq.
974 1359 1091 1418 collatis
1119 1377 1197 1416 anno
1221 1379 1247 1416 a.
1272 1357 1343 1416 chr.

212 1480 241 1517 8.
268 1461 326 1518 195
357 1465 409 1518 881
441 1463 499 1520 194
528 1462 638 1520 factum
666 1464 848 1539 suspicatur,
877 1463 1045 1539 presertim
1075 1481 1166 1537 quum
1195 1460 1344 1537 prologus

212 1563 276 1638 ipse
299 1564 362 1620 siue
385 1562 476 1622 dubio
499 1565 676 1641 posterioris
699 1566 795 1622 etatis
817 1566 865 1635 sit,
889 1564 949 1622 vid.
972 1583 1063 1640 supra
1084 1585 1114 1640 8.
1140 1565 1211 1621 163.

298 1664 376 1735 Quin
403 1666 552 1744 placuerit
579 1666 640 1724 1188
668 1666 783 1738 sabula,
814 1666 953 1724 dubitare
981 1685 1041 1724 non
1070 1685 1240 1743 possumus.
1285 1663 1344 1723 Est

213 1769 291 1825 enim
318 1768 407 1845 plane
435 1770 568 1842 egregia,
604 1773 635 1825 et
664 1771 777 1845 optime
811 1774 928 1826 morata
961 1775 991 1826 81
1022 1770 1167 1844 imprimis
1202 1767 1341 1826 ridicula.

211 1868 318 1946 Itaque
345 1870 454 1928 multos
483 1871 598 1928 invenit
627 1871 803 1928 imitatores.
848 1871 910 1928 lam
931 1870 990 1928 XII
1012 1869 1119 1928 seculo
1141 1869 1252 1928 Vitalis
1273 1870 1343 1927 Ble-

212 1973 306 2029 sensis
330 1992 366 2030 ex
388 1971 487 2030 Gallia
509 1993 546 2030 ex
568 1972 623 2032 hoo
645 1973 726 2030 fonte
750 1971 835 2030 duxit
855 1992 962 2049 poema
988 1971 1043 2043 ,de
1062 1971 1138 2030 Geta
1161 1977 1191 2029 et
1210 1968 1338 2047 888ήῶ

212 2073 499 2151 8118811118888818
523 2074 651 2150 elegiaco
674 2081 770 2132 metro
793 2075 950 2152 scriptum,
974 2093 1034 2150 qno
1057 2073 1232 2132 dielecticas
1256 2073 1342 2132 scho·
1460 2085 1461 2104 ³

212 2175 383 2234 lastioorum
417 2177 637 2254 disputationes
669 2177 756 2234 ridet.
801 2176 878 2236 Geta
910 2179 1002 2248 enim,
1037 2177 1088 2251 qui
1115 2175 1227 2234 Plauto
1256 2175 1343 2234 Sosis

212 2277 326 2352 fuerat,
355 2279 604 2356 Amphitryonsm
632 2279 735 2338 herum
763 2299 823 2337 non
850 2281 882 2336 in
909 2278 1034 2350 bellum,
1066 2277 1119 2335 sed
1145 2276 1283 2335 Athenas
1310 2279 1342 2336 in

212 2379 327 2439 scholas
355 2386 473 2440 secutus
501 2381 604 2456 logices
633 2382 758 2440 scientie
790 2381 911 2439 inflatus
944 2401 991 2453 88,
1025 2379 1173 2457 quidquid
1205 2380 1340 2452 libuerit,
1460 2423 1461 2434 ,

214 2481 343 2559 probare
365 2503 452 2560 posse
474 2489 569 2560 putat,
593 2483 664 2541 dum
686 2483 723 2541 eb
741 2482 857 2542 Arcade
881 2479 913 2554 (i.
938 2503 962 2540 8.
981 2478 1144 2555 Mercurio)
1167 2501 1251 2540 suam
1275 2501 1342 2558 per·

214 2603 316 2643 sonam
337 2590 461 2660 gerente
483 2588 666 2659 argumentis
690 2586 874 2644 convincitur
896 2605 927 2642 88
945 2583 1050 2644 Getam
1071 2603 1130 2642 non
1153 2603 1227 2656 esse,
1252 2589 1342 2660 atque

214 2687 288 2745 adeo
315 2686 391 2744 nihil
419 2707 495 2758 8888,
526 2693 556 2745 81
582 2707 644 2764 prae
672 2707 745 2746 8888
772 2688 907 2745 conservi
929 2687 1042 2762 Byrriae
1070 2689 1169 2744 88818
1197 2687 1342 2746 ridiculus

215 2793 349 2865 apparet.
382 2787 489 2846 Edidit
510 2790 566 2848 hoc
587 2809 692 2867 poema
703 2789 803 2848 Maius
825 2791 856 2847 in
873 2788 993 2848 Classio.
1013 2795 1090 2846 8881.
1108 2786 1234 2846 eVatic.
1253 2788 1340 2847 codd.

214 2891 272 2948 vol.
296 2891 335 2962 V,
364 2891 459 2962 1833;
494 2891 601 2949 deinde
630 2892 782 2964 Osannus,
811 2890 981 2949 Dsrmstsd.
1007 2891 1103 2960 1836;
1132 2889 1187 2947 Th.
1210 2889 1341 2966 Wright,

214 2990 306 3066 Eerly
332 2995 492 3067 mysteries
519 2995 577 3051 end
605 2994 692 3052 other
713 2993 803 3052 Latin
832 3012 935 3070 poems
966 2992 999 3048 os
1022 2993 1073 3049 the
1099 2983 1164 3048 12²h
1190 2992 1250 3050 and
1277 2983 1342 3049 13⁰¹

215 3097 374 3167 centuries,
402 3096 498 3168 1838,
522 3096 873 3172 postremoMontaiglon
895 3097 926 3154 18
945 3094 1154 3169 811118118888
1176 3093 1213 3150 ds
1236 3086 1341 3152 l’ecole

215 3195 267 3254 des
296 3197 410 3256 81188188
437 3197 475 3256 Π.
500 3197 595 3270 Serio,
624 3197 684 3256 vol.
708 3197 757 3256 IV.
803 3197 926 3269 Poema,
955 3198 980 3256 si
1010 3203 1128 3254 88181881
1161 3195 1338 3266 consideres,
1460 3227 1461 3230 ¹

215 3301 366 3374 egregium
389 3300 510 3357 1888818
533 3300 640 3358 saeculo
662 3299 717 3357 XV
741 3304 770 3356 81
792 3301 822 3358 18
843 3299 978 3358 Italicam
1005 3299 1136 3373 linguam
1165 3316 1339 3355 conversum

215 3407 260 3459 881
287 3421 304 3458 8
327 3400 424 3477 Ghigo
447 3400 649 3459 Brunelleschi
678 3408 708 3458 81
730 3401 891 3460 Domenico
914 3401 1051 3460 Protensi
1079 3404 1109 3456 81
1135 3401 1166 3456 18
1194 3397 1338 3458 Gallicam
1460 3427 1461 3450 1

214 3502 251 3562 ab
274 3502 436 3561 Eustochio
459 3502 634 3580 Desoamps,
665 3505 748 3560 cuius
778 3503 954 3579 opuseulum
973 3501 1040 3594 ,Le
1062 3501 1168 3558 treicte
1200 3501 1236 3558 de
1266 3500 1339 3560 Geta

150 3615 154 3623 “
215 3612 245 3664 81
267 3595 516 3681 d'Amphitryon“
543 3625 568 3663 8.
595 3605 676 3663 leta
700 3604 795 3662 edidit
817 3605 854 3662 de
877 3605 980 3676 Queux
1004 3603 1041 3660 de
1063 3602 1105 3662 St.
1129 3602 1253 3662 Hileire.

300 3706 410 3766 Verum
428 3707 484 3766 hoc
506 3726 612 3785 poema
633 3707 800 3783 legentibus
822 3707 976 3783 seriptum,
999 3726 1059 3764 888
1082 3706 1113 3762 18
1135 3723 1229 3762 88888
1252 3725 1337 3764 88881
1460 3751 1461 3756 ,

214 3811 411 3885 8888881188
434 3816 487 3869 881.
517 3809 589 3868 Post
611 3814 731 3868 8888188
748 3814 846 3866 88188
864 3811 1002 3884 antiquas
1020 3807 1135 3866 litteras
1151 3827 1212 3864 non
1229 3826 1337 3882 paucas

213 3909 351 3970 Plautius
379 3911 558 3990 Amphitruo
592 3911 748 3971 comoedias
778 3912 910 3987 peperit,
939 3929 1064 3987 querum
1093 3926 1158 3983 888
1185 3909 1217 3964 in
1244 3929 1337 3966 81888

214 4015 417 4087 cognitionem
443 4020 603 4086 venerunt,
634 4013 823 4072 enumerabo.
867 4013 931 4072 Iam
954 4031 1029 4070 8888
1055 4012 1135 4069 1487
1158 4009 1335 4087 Amphitruo
1460 4079 1461 4102 ,

213 4115 313 4174 Plauti
334 4115 437 4174 1181188
459 4135 546 4174 verso
566 4115 702 4174 Ferrsrae
724 4120 791 4175 scta
812 4121 871 4186 est;
899 4118 1032 4173 verterat
1052 4119 1153 4172 autem
1184 4114 1234 4184 „in
1256 4118 1335 4170 teras

214 4214 306 4274 rime“
332 4217 479 4276 Pandolfo
496 4216 694 4276 Collenuccio.
729 4217 868 4276 Proximo
892 4216 999 4275 saeculo
1017 4216 1052 4275 L.
1071 4214 1161 4274 Dolce
1183 4216 1277 4274 Italus
1300 4215 1335 4272 ad

215 4320 278 4377 eius
308 4319 458 4393 exemplar
486 4319 617 4378 fabulam
646 4321 780 4395 scripsit,
811 4321 857 4377 cui
885 4339 993 4377 nomen
1024 4319 1063 4391 ,il
1089 4316 1229 4388 marito“,
1259 4318 1334 4376 simi·
