2976 5056
574 477 608 531 V·
626 478 770 534 868-894·
1176 485 1238 546 319

89 669 168 730 883.
190 666 238 730 N
234 667 295 732 olle
312 686 381 734 esse
397 667 490 744 dioto,
509 671 599 731 solita
618 623 778 732 excusandi
789 673 926 746 formula,
950 673 986 732 cl.
1000 673 1067 732 Ter.
1085 674 1141 732 Ad.
1163 675 1238 734 165:

91 773 248 844 „Nollem
287 771 431 834 fuerumt
475 803 519 814 -
562 775 624 832 884
658 793 703 850 sq.
742 767 989 848 Faciundumsl,
1029 772 1058 834 sl
1095 772 1240 836 sudem

86 895 117 932 v.
146 876 232 936 696.
261 907 306 918 -
334 878 405 936 886.
429 876 541 936 Versus
574 892 663 934 causa
695 872 732 936 id
764 875 923 935 delendum
956 877 1088 950 videtur,
1123 877 1238 938 (lamen.

85 983 238 1054 transp:
266 979 317 1052 „id
338 975 483 1038 Iactum“.
505 1007 548 1018 -
571 979 643 1036 887.
665 972 716 1037 illi
737 997 793 1056 pro
815 973 869 1038 ille
896 997 952 1038 em.
976 977 1023 1038 ed.
1046 979 1144 1038 Parm.
1167 981 1238 1040 Am·

87 1079 230 1157 phitryo
259 1079 458 1158 significatur,
487 1085 523 1139 nt
549 1085 675 1157 apparet
702 1101 738 1138 ex
761 1074 851 1140 illius
873 1101 901 1139 v.
926 1083 1003 1154 8893
1027 1101 1094 1140 nam
1117 1101 1240 1159 prorsus

87 1183 308 1260 improbanda
336 1190 382 1242 est
404 1183 603 1242 Lindemenni
638 1183 792 1242 temeritas
827 1179 942 1255 ,hnnc“
978 1202 1034 1260 pro
1069 1181 1179 1257 ,hauc“
1210 1191 1242 1245 et

93 1283 229 1355 „sonti“
255 1305 312 1364 pro
338 1281 487 1358 „insontI“
517 1283 684 1344 scribentis.
728 1284 867 1362 Iuppiter
894 1284 932 1344 ad
960 1287 1184 1346 excusationem
1211 1291 1242 1344 et

91 1387 349 1447 obsecrationem
383 1387 441 1446 sibi
473 1386 705 1460 confugiendum
733 1407 797 1445 ease
828 1386 914 1460 dicit,
946 1389 1026 1463 quia,
1054 1394 1088 1447 ut
1116 1389 1242 1466 Amphi-

89 1493 245 1564 tryonem
273 1509 371 1567 nuper
397 1491 546 1548 insontem
574 1507 645 1548 suus
670 1485 776 1562 (Iovis)
800 1508 884 1547 amor
911 1491 987 1548 male
1015 1489 1168 1564 habuerit,
1198 1493 1242 1551 ita

91 1612 184 1652 nunc
209 1593 291 1651 illins
313 1594 360 1650 ira
380 1597 415 1650 et
435 1590 594 1651 maledicta
615 1591 646 1650 in
668 1611 801 1664 uxorem,
827 1591 935 1668 quibus
959 1594 1025 1650 iure
1048 1591 1162 1650 offensa
1185 1601 1239 1666 est,

93 1694 161 1752 sibi
195 1697 324 1766 insonti,
354 1695 465 1771 quippe
495 1695 546 1770 qui
573 1693 722 1752 Alcmene
756 1713 815 1752 non
848 1693 1052 1766 maledixerit,
1086 1697 1241 1769 negotium

95 1797 280 1856 exhibitura
303 1797 364 1854 sint
386 1815 423 1854 ex
445 1796 576 1854 convicio
595 1795 754 1854 Alcmenre.
778 1825 821 1836 --
844 1797 915 1855 889.
940 1796 1093 1871 expetent,
1116 1817 1144 1855 v.
1168 1799 1241 1857 491.

96 1929 145 1938 -
174 1901 248 1958 890.
271 1893 319 1958 Et
340 1900 367 1956 si
388 1917 494 1957 nerum
517 1902 574 1970 est,
599 1899 721 1976 ponitur
743 1905 777 1957 ut
802 1895 936 1976 „Atque“
962 1917 990 1955 v.
1016 1897 1086 1956 948.
1131 1898 1243 1958 Miiller

64 1983 68 1991 ¹
97 2004 270 2078 proposuit
295 1997 380 2072 ,Ili“.
426 1999 525 2058 Luchs
552 2001 583 2057 in
612 1999 727 2060 Hermae
750 1999 836 2073 VIII,
865 2020 894 2077 p.
922 2001 997 2058 121:
1035 1997 1142 2074 ,Ηῖ
1171 2002 1240 2060 coll.

99 2103 186 2162 Iocis
218 2125 237 2161 a
262 2103 422 2181 Spengelio
452 2101 551 2160 Pleut.
581 2123 612 2179 p.
640 2105 698 2162 110
733 2102 876 2161 collectis.
912 2133 954 2142 -
987 2102 1058 2160 Post
1092 2099 1243 2164 miseram

101 2204 220 2265 hiatus.
264 2203 311 2264 Fl.
334 2224 372 2263 ex
393 2203 555 2262 Hermanni
584 2205 659 2264 coni.
689 2204 750 2263 ed.:
789 2201 924 2278 „[modo]
955 2225 1001 2264 me
1023 2208 1162 2264 miserem
1190 2207 1243 2282 qui

103 2306 240 2384 arguit“.
275 2307 386 2365 Mulier
408 2307 498 2364 altius
520 2307 627 2364 vitium
650 2306 743 2366 latere
766 2307 871 2366 credit.
889 2337 933 2372 ,-
951 2308 1023 2365 891.
1047 2301 1167 2382 Stupri,
1192 2305 1243 2367 (le-

105 2405 252 2482 0110ήῆ
275 2408 439 2486 asyndeton
461 2410 493 2467 in
514 2408 684 2467 nominibus
706 2409 769 2466 sere
792 2408 925 2466 eiusdem
948 2406 1182 2485 significationis,
1207 2409 1242 2466 cf.

101 2511 196 2594 Asin.
221 2514 298 2572 817:
337 2510 460 2583 „turbas
488 2507 586 2568 liuor&
631 2511 698 2569 Aul.
724 2513 801 2570 391:
840 2528 1015 2584 „congrum,
1039 2508 1242 2570 muraenam“.

105 2611 201 2690 Epid.
225 2615 303 2672 442:
338 2615 461 2686 „armis,
485 2619 549 2671 arte
571 2611 730 2672 duellica“.
778 2614 855 2671 516:
888 2615 958 2689 ,qui
986 2614 1116 2671 omnium
1146 2613 1244 2690 legum

108 2721 200 2792 atque
227 2716 324 2773 iurum
352 2713 439 2774 fictor
461 2715 598 2773 conditor
620 2711 727 2773 cluet“.
763 2714 844 2774 Men.
867 2717 962 2773 llll:
991 2716 1136 2786 „miseriis
1159 2715 1244 2774 labo-

111 2815 226 2876 ribus“.
278 2817 343 2876 Mil.
369 2819 445 2876 647:
487 2821 645 2893 „sputctor
678 2815 841 2875 screct0r“.
883 2817 1000 2882 ¹Pseud.
1026 2819 1102 2876 582:
1142 2818 1244 2890 „dolos

109 2917 282 2994 perfidias“.
327 2919 408 2978 Poeu.
436 2920 511 2977 134:
546 2923 667 2992 „grates
689 2917 835 2995 gratias“.
880 2919 957 2978 Rud.
983 2922 1038 2978 23:
1072 2919 1190 2992 „lovem
1212 2940 1244 2978 se

109 3023 230 3098 placare
258 3040 344 3098 posse
373 3022 471 3092 donis,
501 3018 637 3091 hostiis“,
669 3027 700 3078 et
729 3020 809 3096 apud
836 3020 956 3080 Lucrst.
980 3020 1024 3094 ΙΙ,
1052 3023 1110 3080 118
1140 3027 1171 3080 11
1192 3022 1242 3094 IV,

114 3125 193 3184 1002
228 3123 361 3200 „proelia
389 3143 504 3200 pugnes
534 3119 652 3180 edere“.
675 3153 719 3162 -
743 3123 771 3180 le
869 3118 1029 3199 conloqui,
1052 3143 1080 3180 v.
1107 3125 1177 3182 335.
1203 3153 1241 3162 -·

113 3227 184 3283 802.
211 3221 279 3301 Quo
306 3245 361 3284 nec
389 3245 443 3302 per
471 3245 502 3282 se
531 3244 584 3282 nec
613 3230 738 3300 propter
759 3224 908 3282 Alcmenae
935 3243 1111 3302 responsum
1140 3229 1242 3300 aptum

112 3334 169 3398 est,
200 3346 294 3404 quare
322 3347 389 3386 cum
417 3327 462 3384 Fl.
490 3323 575 3402 Quor
609 3323 642 3398 (i.
666 3347 691 3384 e.
721 3322 786 3398 cur)
821 3328 943 3402 scripsi,
977 3327 1102 3402 antiqua
1135 3326 1241 3397 forme,

111 3449 199 3504 quam
229 3428 294 3488 Mil.
322 3430 402 3486 1252
437 3427 558 3486 exhibet
590 3427 654 3485 cod.
683 3427 722 3500 Β,
756 3433 792 3484 ut
824 3446 916 3504 supra
943 3449 971 3485 v.
997 3429 1072 3487 575:
1102 3447 1173 3504 qur;
1204 3427 1240 3484 cf.

110 3530 227 3608 Proleg.
250 3550 280 3608 p.
308 3532 376 3590 160.
422 3530 533 3588 Versus
561 3528 740 3588 restituendi
770 3547 858 3587 causa
881 3528 1029 3586 Cameren.
1057 3525 1143 3600 „tcd“
1170 3529 1243 3585 scri-

93 3633 208 3692 111111.
254 3631 343 3690 Both.
371 3629 497 3704 „nuno“,
521 3630 728 3707 Umpfenbach
754 3628 901 3706 ,111111ιι
934 3629 1079 3688 excidisse
1104 3629 1240 3706 putabat,

111 3755 196 3812 quem
221 3733 412 3806 Ritschelius,
436 3733 520 3792 Neue
541 3733 673 3792 Excurss
696 3731 719 3805 Ι,
742 3753 771 3809 p.
798 3733 836 3790 39
860 3751 904 3808 sq.
929 3733 1071 3807 sequitur.
1114 3732 1239 3790 Miiller:

114 3838 213 3910 ,Quor
234 3842 266 3894 to
291 3833 322 3908 [a
344 3832 404 3909 me]
429 3835 589 3894 euertisti?
612 3835 674 3895 AL.
693 3835 740 3894 Ita
759 3831 886 3908 [natum]
907 3835 1059 3910 ingenium
1081 3831 1240 3892 meumst“.

110 3937 153 3996 Fl.
180 3937 256 4014 „Est
279 3939 322 3996 ita
345 3939 498 4012 ingenium
515 3933 643 3996 meum“.
661 3967 704 3976 -
723 3939 794 3996 893.
813 3937 939 3995 Versum
956 3935 1085 3994 efferunt
1095 3936 1240 3994 Priscian.

110 4041 167 4113 IX,
192 4041 227 4114 4,
256 4060 287 4117 p.
313 4041 373 4097 517
403 4043 434 4097 et
454 4038 568 4098 NonIus
596 4061 625 4116 p.
653 4041 722 4108 148.
746 4071 787 4080 —
811 4041 881 4098 894.
906 4039 1009 4098 aulem
1037 4041 1163 4115 ponitur
1190 4038 1242 4096 ubi

112 4163 176 4201 cum
200 4142 399 4200 admiratione
423 4147 454 4200 11
476 4146 651 4219 contemptu
667 4141 802 4216 rogando
820 4142 943 4198 alterius
960 4140 1052 4198 verba
1068 4142 1240 4217 repetimus,

112 4245 146 4303 ci.
169 4243 279 4303 Pseud.
305 4245 381 4302 305:
414 4243 536 4318 „Metuo
560 4242 688 4301 credere.
717 4242 771 4301 PS.
796 4243 925 4301 Credere
949 4239 1088 4301 autem?“
1121 4241 1240 4302 Terent.

111 4345 184 4406 Eun.
210 4348 287 4404 798:
326 4344 409 4422 „Ego
438 4365 498 4403 non
524 4350 644 4421 tangam
672 4344 787 4404 meam?
822 4345 881 4404 CH.
911 4345 1004 4403 Tuam
1033 4341 1173 4404 autem?“
1198 4375 1242 4386 -
