2968 5030
243 489 304 552 396
738 483 874 540 betunia

243 678 444 756 significarent
466 700 483 738 a
505 681 619 738 minore
642 679 679 738 ad
703 680 797 738 maim
819 677 969 757 progredi,
993 678 1073 757 quod
1090 687 1194 738 contra
1214 685 1273 752 est;
1296 699 1378 738 narn

243 785 421 862 supplicium
443 783 564 858 gravius
587 789 632 840 est
655 801 744 860 quam
766 801 868 859 poenae.
902 781 987 855 Quod
1006 782 1045 842 sd
1060 802 1225 842 sermonem
1246 783 1378 854 attinet,

243 887 449 946 coniunctium
472 881 564 944 detur·
585 884 711 944 fortasse
741 883 859 944 defendi
887 887 996 962 possit,
1020 881 1147 962 quidem
1168 885 1199 942 in
1219 885 1378 962 principio

243 1009 345 1048 versus
357 1009 416 1048 non
428 993 536 1064 potest.
559 985 594 1046 V.
611 989 673 1046 480
693 981 857 1048 maledics
875 1007 931 1066 pro
953 983 1156 1060 „maledictis“
1175 993 1253 1046 recte
1269 1007 1377 1045 emen-

242 1093 346 1150 datum
376 1097 430 1149 est.
475 1089 534 1150 Sed
561 1089 609 1148 bic
638 1110 740 1149 versus
771 1109 837 1150 cum
870 1091 1064 1168 sequentibus
1096 1091 1180 1149 nullo
1213 1092 1377 1148 sententia.¹

243 1215 320 1254 nexu
339 1193 482 1264 cohaeret;
505 1213 596 1270 quare
614 1193 659 1254 Tl.
678 1192 806 1270 putabat
828 1194 974 1252 excidisse
993 1213 1121 1266 versum,
1144 1213 1203 1271 quo
1225 1197 1377 1250 mereator

243 1299 336 1356 servis
365 1294 558 1372 exprobaret,
587 1315 651 1368 eos,
680 1315 717 1354 ue
744 1313 846 1373 poeuas
875 1295 996 1368 darent,
1025 1295 1127 1373 fugam
1155 1295 1306 1369 meditari,
1342 1300 1377 1354 in

243 1421 271 1458 v.
296 1401 355 1458 481
381 1403 480 1456 autem
504 1418 568 1456 cum
592 1397 699 1457 Botbio
722 1419 750 1456 v.
777 1394 897 1472 ,erum“
924 1397 1050 1458 delebat.
1095 1397 1192 1471 Male,
1216 1417 1269 1456 neo
1290 1400 1376 1457 enim

245 1503 281 1560 de
309 1502 379 1578 fuga
407 1500 486 1558 ullus
515 1507 559 1576 est
587 1519 692 1560 sermo.
738 1495 842 1560 Erum
870 1495 1007 1578 [opilare
1035 1507 1082 1560 est
1108 1501 1172 1559 heri
1196 1501 1376 1578 adspectum

244 1607 351 1677 vitare,
369 1603 433 1662 beri
451 1603 650 1661 interventum
670 1623 821 1676 recusare;
845 1604 880 1664 cf.
901 1603 986 1682 Capt.
1006 1605 1081 1664 539:
1103 1607 1251 1679 „minume
1268 1606 1375 1676 miror,

244 1711 269 1766 si
291 1713 321 1766 te
343 1707 452 1784 fugitat
474 1713 564 1783 atque
588 1706 690 1764 oculos
713 1703 811 1765 tuos“.
858 1707 926 1765 Ter.
948 1706 1005 1766 Ad.
1030 1707 1108 1766 872:
1135 1707 1236 1782 „illam
1259 1713 1376 1780 amant,

245 1831 290 1868 me
312 1803 472 1884 fugitaut“.
507 1807 625 1866 Phorm.
643 1809 718 1867 623:
745 1808 895 1882 „fugitans
918 1805 1047 1868 litium“.
1083 1808 1179 1868 Plaut.
1194 1807 1279 1887 Capt.
1294 1811 1375 1867 156:

248 1913 397 1986 „fugitant
425 1913 519 1969 omnis
548 1909 624 1968 banc
653 1906 869 1986 prouinciam“.
914 1911 995 1970 Poeu.
1021 1913 1097 1970 511:
1131 1911 1253 1986 ,dedita
1281 1930 1377 1987 opera

246 2017 353 2074 amicos
376 2013 502 2090 flugitavi
525 2009 640 2070 senes“.
685 2012 808 2071 Numeri
831 2015 949 2072 restitui
970 2021 1103 2092 possunt,
1126 2016 1151 2073 si
1174 2035 1230 2092 pro
1253 2014 1378 2074 nowtet

248 2113 340 2192 „nos“
361 2115 509 2188 scribitur,
529 2115 576 2173 vel
595 2117 695 2192 potius
711 2131 774 2188 me;
791 2137 858 2174 nam
876 2137 913 2174 ex
932 2115 1069 2190 „uosme“
1090 2113 1238 2190 (correcto
1257 2113 1377 2190 errore)
1480 2155 1481 2172 ι

245 2221 320 2280 illud
348 2225 445 2276 ortum
473 2217 600 2276 videtur.
645 2217 761 2277 Deletis
787 2226 887 2276 autem
910 2225 1055 2296 quattuor
1076 2218 1226 2292 versibus,
1249 2225 1285 2277 ut
1308 2239 1376 2276 ver-
1480 2271 1481 2280 .

246 2343 309 2382 sum
333 2323 393 2381 476
416 2327 560 2398 sequetur
583 2323 659 2392 181,
683 2321 901 2380 nihilomnino
925 2321 1122 2381 desideratur.
1167 2321 1193 2380 A
1216 2341 1281 2380 voc.
1304 2317 1378 2380 Ain

246 2425 279 2484 tu
301 2425 424 2483 alterius
452 2442 587 2500 personae
616 2423 708 2482 verba
734 2425 864 2501 insipere
893 2419 1043 2482 intellexit
1063 2423 1168 2497 Botb.;
1191 2423 1244 2481 sed
1266 2444 1376 2501 parum

248 2534 327 2586 recte
351 2533 380 2584 et
402 2533 506 2584 contre
528 2523 613 2584 codd.
637 2545 700 2584 voc.
727 2525 884 2599 „furcifer‘
910 2525 979 2584 inde
1002 2527 1136 2586 avulsum
1159 2546 1225 2584 cum
1249 2545 1377 2603 sequen·

247 2631 327 2689 tibus
350 2631 455 2688 iunxit.

334 2733 405 2789 482.
429 2724 473 2788 Ei
499 2749 554 2806 pro
583 2733 607 2803 i,
636 2733 813 2808 imperativo
841 2730 926 2789 verbi
954 2731 1058 2804 eundi,
1091 2734 1200 2807 aaepius
1233 2730 1378 2789 scribitur

248 2837 278 2892 in
300 2834 339 2906 B,
363 2839 396 2891 ut
418 2833 474 2910 Ep.
499 2835 570 2892 703.
600 2831 679 2891 Men.
704 2835 776 2892 425.
801 2835 871 2891 723.
895 2832 986 2891 Mero.
1012 2835 1083 2893 278.
1107 2835 1179 2893 299.
1205 2835 1277 2892 735.
1302 2836 1376 2892 775.

247 2936 314 2994 Ter.
328 2935 404 2994 Eun.
421 2937 478 2993 139
492 2935 624 2994 Bembiu.
638 2934 756 2994 EIREI.
770 2935 895 2994 ol.Prol.
908 2955 938 3011 p.
948 2937 1020 2995 212.
1033 2965 1074 2976 --
1086 2937 1157 2994 483.
1172 2936 1275 2994 tamen
1287 2933 1375 2994 codd.

247 3041 382 3118 neglecta
393 3039 551 3115 positione.
565 3037 653 3098 Both.
666 3037 710 3095 ΙΙ.
727 3033 838 3110 „tum“‚
848 3044 969 3096 temere.
980 3041 1101 3098 -485,
1113 3039 1166 3111 Tu,
1180 3041 1290 3115 inquit,
1303 3038 1376 3096 mihi

248 3141 457 3202 contumeliam
480 3139 584 3213 fecisti,
610 3139 690 3216 quod
713 3139 786 3198 mihi
809 3140 928 3198 credere
951 3141 1090 3213 uoluisti3
1113 3161 1182 3200 num
1203 3147 1248 3199 est
1267 3143 1377 3199 mirum
1479 3141 1480 3146 ’

248 3266 295 3303 me
317 3245 372 3303 tibi
395 3241 593 3302 maledicere?
615 3273 655 3282 -
680 3244 752 3300 487.
778 3235 968 3317 Praefisttrti
991 3243 1062 3302 olim
1085 3243 1287 3316 emendatum3
1310 3244 1329 3301 i.
1349 3263 1375 3300 e.
1479 3243 1480 3246 ’

248 3348 324 3406 absit
346 3347 467 3404 invidie.
502 3343 689 3402 Verebantur
708 3345 833 3421 antiqui,
858 3365 894 3404 ne
910 3345 1020 3412 ,leudes
1043 3347 1207 3405 immodice
1230 3345 1377 3405 invidiam

249 3457 402 3510 moverent
435 3448 598 3524 fascinique
631 3439 757 3505 melum¹
774 3448 971 3507 attraherent.
1016 3447 1119 3509 Lamb.
1147 3447 1264 3508 confert
1286 3448 1376 3522 Verg.

247 3555 319 3613 Buc.
344 3558 372 3624 7,
397 3554 436 3610 27
460 3571 520 3626 sq.:
559 3551 638 3623 „Aut
661 3552 686 3608 si
708 3550 789 3608 ultra
811 3551 958 3628 placitum
980 3550 1126 3624 laudarit,
1149 3551 1273 3610 baccare
1295 3550 1376 3608 fron·

248 3665 308 3714 tem
332 3657 463 3729 Cingito,
493 3674 530 3712 ne
558 3655 619 3711 vati
647 3657 754 3712 noceat
781 3654 860 3710 mala
887 3653 991 3727 lingua
1018 3651 1150 3712 futuro“.
1195 3655 1229 3712 lu
1258 3653 1314 3712 hac
1344 3673 1376 3710 re

249 3759 304 3818 hoc
326 3758 471 3816 vocabulo
494 3759 539 3814 uti
562 3755 707 3828 solebant,
731 3755 791 3814 vid.
812 3755 889 3816 Rud.
908 3758 979 3816 461.
1014 3757 1142 3815 Titinius
1164 3754 1245 3832 apud
1262 3755 1376 3814 Charis.

248 3882 278 3939 p.
305 3863 362 3919 189
387 3860 424 3919 P:
460 3859 530 3932 „Pol
558 3867 591 3917 tu
622 3857 660 3916 od
687 3858 805 3918 laudem
833 3858 938 3918 addito
961 3856 1153 3931 Praefiscirri“,
1176 3858 1214 3917 ad
1237 3877 1303 3934 quae
1327 3879 1376 3916 ox·

248 3963 380 4041 plicandi
404 3983 493 4020 causa
521 3961 672 4020 Charisius
695 3961 794 4019 addit:
821 3983 876 4035 „ne
898 3962 999 4039 puelle
1020 3959 1210 4020 fascinetur“.
1255 3961 1376 4038 Apulei.

249 4065 330 4124 Flor.
354 4064 407 4137 ΙΙΙ,
430 4065 467 4126 16
491 4069 565 4122 extr.
592 4062 774 4141 „proefisoine
798 4061 956 4124 dixerim“.
990 4063 1161 4124 Extremam
1184 4065 1265 4123 vocis
1288 4065 1376 4141 sylla-

249 4168 316 4225 bam
344 4175 408 4226 tum
437 4187 491 4245 per
520 4183 536 4226 e
563 4173 626 4226 tum
654 4187 709 4245 per
737 4164 749 4224 ι’
771 4170 913 4244 scriptam
940 4187 1005 4228 esse
1038 4174 1168 4227 testetur
1196 4167 1311 4227 Gellius
1339 4167 1376 4240 X,

251 4273 304 4342 24,
331 4273 358 4328 8.
381 4301 423 4310 —
447 4271 518 4328 488.
541 4265 684 4329 Athenis.
729 4270 766 4328 H.
791 4291 819 4328 v.
842 4271 931 4330 metri
958 4269 1137 4330 restituendi
1165 4289 1254 4328 causa
1281 4275 1377 4328 trans·

249 4375 349 4447 posuit
367 4371 454 4430 Both.
478 4402 519 4411 -
543 4375 613 4430 489.
639 4366 805 4432 Fortassis
828 4372 924 4446 codd,
947 4373 1032 4432 Botb.
1055 4371 1101 4432 Fl.
1127 4368 1315 4447 „Fortasse“.
1335 4403 1378 4412 -—
