2956 5018
549 501 760 574 Prolagomena
1122 497 1127 505 ’
1159 515 1219 578 165

23 671 24 707 ³
96 693 205 752 neum.
246 694 337 755 run
361 697 490 773 uariat
512 702 543 757 a
564 699 757 759 senecam
780 697 905 774 (racio.
932 701 970 760 1e
993 699 1083 776 axe.)
1108 705 1219 784 impro-

95 795 171 855 basse
191 800 335 858 novimus
358 806 389 859 et
410 800 576 875 Horatium,
599 803 651 880 qui
673 801 737 860 Art.
761 807 842 879 poet.
869 803 927 863 193
951 823 1033 882 sqq:
1061 803 1215 879 ,Actoris“

92 901 183 976 inquit
218 909 346 979 ,partes
378 904 485 964 chorus
520 904 709 982 officiumque
742 906 828 964 virile
856 905 1019 981 Defendet,
1054 929 1114 970 nau
1146 911 1219 988 quid

90 1003 197 1063 medloa
219 1007 388 1066 intercinat
409 1013 501 1082 actus,
526 1008 612 1080 Quod
633 1028 693 1068 non
714 1010 870 1086 proposito
894 1009 1041 1070 conducat
1060 1018 1090 1073 et
1107 1014 1219 1073 haereat

90 1103 183 1182 npte“.
228 1107 297 1168 Nec
332 1115 432 1170 tamen
464 1112 554 1171 choro
587 1131 689 1172 carere
721 1111 869 1186 tragoedia
900 1114 1013 1190 potuit,
1045 1115 1098 1174 aed
1130 1137 1217 1194 quem

89 1208 195 1268 dudum
220 1213 372 1272 comoedia
393 1214 557 1288 abiecerat,
581 1234 648 1273 eum
669 1216 790 1293 gravior
811 1215 964 1292 tragaedioe
988 1237 1036 1275 ars
1058 1219 1217 1294 retinebat,

89 1311 227 1390 chorique
250 1317 435 1376 carminibus
457 1322 561 1377 aetus
582 1316 691 1376 sabula
713 1317 984 1394 distinguebantur.

165 1415 250 1476 Nota
267 1424 317 1478 eat
330 1419 450 1478 Horatii
471 1420 519 1478 lex
542 1417 620 1494 (Art.
638 1425 718 1498 poet.
741 1421 799 1480 lea
818 1417 892 1498 sq.):
921 1421 1019 1495 ,Neve
1041 1423 1137 1484 minor
1159 1445 1218 1485 nau

85 1516 121 1574 sit
141 1521 252 1594 quinto
277 1521 456 1600 productior
478 1527 546 1582 actu
567 1523 697 1598 Fabula,
726 1543 793 1600 qua
819 1525 903 1601 posci
930 1525 997 1584 vult
1025 1532 1056 1585 et
1085 1533 1219 1606 spectata

8 1651 9 1655 ,
85 1619 221 1697 repoui“.
270 1624 333 1684 Sed
365 1645 430 1684 eam
461 1627 558 1704 legem
588 1646 711 1704 eamque
740 1627 917 1686 divisionem
944 1629 1128 1706 antiquiores
1156 1651 1218 1691 non

7 1797 8 1816 .
84 1733 238 1786 noverant.
276 1729 469 1788 Aristotelem
492 1731 518 1788 si
541 1729 722 1788 consulimus
742 1725 838 1804 (Poet.
860 1726 923 1804 12),
946 1737 1048 1808 partes
1064 1733 1217 1807 trsgoediae

7 1823 8 1872 l
84 1826 126 1886 ha
149 1835 237 1889 sunt:
269 1833 420 1910 πρόλογος,
443 1833 603 1900 ἐπεισόδιον,
625 1833 724 1900 ἐξοδος,
745 1835 863 1910 χαροπόν.
906 1833 1009 1912 Pergit
1030 1833 1124 1894 idem:
1141 1834 1219 1893 Ἐστι

84 1932 110 1988 δὲ
132 1935 275 2013 πρόλογος
296 1939 347 2012 μὲν
367 1939 447 2012 μέρος
471 1937 534 1994 iiior
554 1937 707 2014 τραγῳδίας
728 1939 759 1994 τὸ
782 1939 837 2014 πρὸ
858 1937 945 2013 χοροῦ
967 1937 1104 2013 παρόδου,
1127 1941 1217 2012 όποισ-Ι

85 2036 155 2094 idaea
177 2039 209 2097 di
231 2043 316 2116 μέρος
338 2039 400 2096 tior
420 2039 573 2116 τραγῳδίας
594 2042 626 2097 οδ
646 2041 747 2116 μεταξὺ
771 2041 841 2097 ὅλων
864 2042 985 2117 χορικῶν
1005 2041 1104 2114 μελῶν,
1127 2040 1218 2107 ἔξοδος

7 2125 8 2152 ’
84 2139 110 2196 δὲ
135 2144 219 2219 μόρος
250 2145 314 2200 ὅλον
341 2144 494 2221 τραγῳδίας
520 2141 586 2218 μεθ’
616 2144 631 2200 δ
658 2143 706 2202 οὐκ
734 2143 792 2201 ἔστι
814 2143 901 2219 χοροῦ
921 2145 1006 2218 μέλος.
1049 2143 1218 2202 ’enascitur

7 2255 10 2285 r
85 2249 182 2303 autam
205 2252 240 2306 et
262 2249 362 2325 ipsum
391 2245 570 2304 carminibus
599 2245 683 2306 chori
713 2242 881 2322 (οτασίμοις)
912 2247 943 2305 in
970 2251 1074 2326 partes
1102 2247 1217 2306 diride-

7 2377 8 2387 .
85 2344 184 2422 batur,
222 2350 278 2410 sad
310 2368 465 2408 numerum
496 2351 629 2428 partium
662 2349 745 2408 nulla
777 2349 825 2407 lex
856 2349 993 2423 finiebat;
1028 2353 1102 2427 quot
1134 2351 1217 2409 chori

6 2515 8 2526 ,
86 2455 189 2512 cantus
213 2457 246 2512 et
268 2456 345 2530 quot
364 2451 473 2526 fabulae
494 2457 611 2531 partes,
636 2453 698 2511 sive
725 2456 808 2511 actus
835 2451 934 2510 dicere
960 2453 1061 2526 malis,
1083 2453 1217 2513 facturus

7 2536 8 2557 ¹
85 2559 172 2629 esset,
197 2577 237 2615 ex
261 2557 429 2634 argumenti
450 2557 567 2614 ratione
594 2559 685 2633 poeta
712 2553 876 2614 indicebat.
920 2555 1076 2614 Interdum
1098 2555 1215 2616 duobus

86 2655 210 2719 choricia
240 2659 428 2736 interpositis
457 2656 622 2737 episodium
650 2659 836 2735 tripertitum
865 2657 914 2730 fit,
942 2663 978 2716 ut
1006 2659 1217 2720 accedentibus

85 2760 212 2838 prologo
247 2767 279 2821 et
312 2761 407 2821 exodo
440 2761 572 2838 quinque
605 2765 690 2819 actus
722 2761 873 2819 numerari
905 2761 1034 2839 possint,
1067 2763 1152 2822 velut
1185 2764 1216 2822 in

7 2885 8 2922 1
85 2861 255 2943 AEechyleis
278 2865 465 2937 Prometheo,
489 2863 618 2940 Septem,
641 2863 871 2939 Agamemnone,
895 2862 1090 2942 (theophoris,
1107 2864 1215 2924 Eume-

85 2966 223 3042 nidibua,
246 2969 279 3026 in
301 2967 475 3045 Sophocleis
495 2966 617 3025 Electra
639 2971 670 3024 et
691 2965 872 3039 Trachiniis,
895 2966 926 3024 in
948 2963 1120 3044 Euripideia
1141 2967 1216 3046 Hip·

85 3071 189 3148 polyto
219 3075 250 3130 et
275 3069 456 3143 Troadibue3
485 3069 539 3128 aad
572 3089 633 3128 non
665 3069 764 3128 minue
796 3088 875 3147 sape
907 3067 1049 3147 bipertito
1082 3071 1215 3148 episodio

87 3179 231 3248 quattuor
259 3153 343 3232 actus
369 3171 462 3246 fiunt,
490 3176 526 3232 ut
551 3173 583 3230 in
608 3170 779 3249 Euripidaia
806 3170 1010 3249 supplicibus,
1039 3172 1214 3246 Heraclidis,

86 3273 242 3355 Iphigenia
269 3276 410 3349 Taurica,
439 3274 555 3349 Rheao;
588 3295 666 3353 saepe
698 3275 835 3353 pluribus
867 3274 1123 3334 intercedentibus
1153 3295 1216 3334 car·

85 3381 213 3440 minibus
246 3385 374 3457 augetur
406 3382 527 3438 actuum
561 3399 716 3453 numerus,
751 3379 829 3438 aaut
860 3397 912 3436 sex
943 3377 1022 3436 tales
1050 3382 1134 3436 actus
1164 3378 1216 3438 So·

85 3483 205 3558 phoclea
233 3483 327 3542 habet
353 3485 384 3541 in
411 3483 502 3541 Aiace
535 3489 566 3541 et
593 3482 708 3560 Oedipo
735 3487 881 3558 utroque,
911 3479 1072 3557 Euripides
1104 3481 1135 3538 in
1163 3480 1215 3538 Al-

86 3589 171 3662 cesti,
200 3586 357 3665 Iphigenia
383 3585 553 3658 Aulideuei,
584 3584 721 3656 Hecuba,
752 3583 973 3656 Andromacha,
1007 3581 1214 3654 Bacchidibus,

85 3689 170 3764 Ione,
200 3689 375 3763 Phoenissis,
408 3694 524 3768 septem
552 3687 712 3764 Sophocles
740 3688 772 3746 in
799 3686 966 3761 Antigona,
994 3683 1156 3759 Euripides
1183 3685 1216 3742 in

85 3794 193 3854 Medea
209 3796 241 3851 et
252 3791 390 3852 Hercule.
424 3791 613 3851 Alexandria
635 3790 689 3848 illa
709 3790 757 3848 lex
779 3794 850 3848 nata
870 3788 1000 3860 videtur,
1024 3805 1089 3863 qua
1111 3806 1215 3846 unam

86 3916 233 3974 quamque
262 3895 438 3973 tragoediam
462 3895 593 3971 quinque
615 3899 699 3952 actua
721 3892 830 3952 habere
855 3890 951 3962 iubet,
975 3891 1057 3948 acsi
1080 3895 1217 3950 extarent

85 4001 142 4060 illa
165 3998 285 4071 fabulae,
309 4017 383 4074 quas
398 3999 499 4063 Πλειὰς
514 3995 719 4056 Alexandrina
735 3995 906 4072 reliquerat,
925 3993 957 4050 in
978 3991 1016 4049 iis
1039 3994 1101 4050 sine
1124 3991 1215 4052 dubio

88 4107 223 4162 accurate
258 4100 447 4160 obaarvatam
479 4101 577 4175 legem
608 4100 816 4158 inveniremus.
862 4095 933 4167 Qua
963 4095 1035 4154 sola
1062 4101 1132 4174 post
1158 4096 1215 4154 hoc

86 4215 201 4285 tempus
225 4205 266 4264 ad
287 4224 343 4264 noa
364 4208 566 4283 pervenerunt
589 4202 757 4280 tragoediae,
781 4202 913 4272 Seneca,
936 4217 1098 4275 numquam
1121 4196 1157 4258 ab
1180 4218 1216 4257 ea

88 4311 238 4369 recedunt.
