2960 5038
222 475 284 540 184
303 521 317 540 ,
349 517 354 526 .
680 467 891 554 holegomeua

221 665 301 726 diam
335 663 473 726 diereun
504 663 611 739 babet,
639 669 674 726 ut
700 664 754 724 illo
782 664 848 726 loco
877 683 981 724 vocem
1013 663 1168 724 terminari
1201 665 1373 742 oporteat.

220 767 327 829 Soluto
352 768 434 828 thesi
459 766 613 826 trochaica
634 766 802 843 tribrachys
823 766 937 846 ubique
959 769 1032 847 poni
1053 771 1168 847 potest,
1190 767 1253 826 nisi
1281 765 1373 845 quod

220 870 252 929 in
274 871 403 947 septimo
425 869 502 947 pede
523 889 592 930 raro
613 870 672 928 hoc
692 868 742 942 fit3
764 871 915 946 posterior
936 873 1036 930 entem
1057 872 1201 948 cuiusque
1224 869 1375 948 dipodiae

220 990 274 1049 pes
307 972 459 1051 spondeus
493 991 557 1032 esse
588 975 700 1051 potest.
745 970 793 1032 Sic
822 970 933 1046 Greci,
961 971 1062 1032 Latini
1088 978 1187 1052 poetae
1214 972 1376 1032 licentius
1467 949 1468 976 ³

222 1079 362 1152 egerunt,
390 1074 556 1151 spondeum
583 1093 645 1134 uon
673 1073 767 1132 solnm
794 1075 826 1133 in
853 1073 1001 1149 secundo,
1029 1080 1152 1154 quarto,
1176 1079 1283 1147 sexto,
1311 1069 1376 1132 sed.
1467 1135 1468 1148 ,

222 1176 313 1235 etiam
334 1177 366 1234 in
386 1177 494 1255 primo,
517 1178 619 1250 tertio,
642 1178 748 1254 quinto
770 1176 838 1235 loco
861 1177 1000 1249 ferentes,
1023 1175 1111 1239 modo
1129 1179 1280 1255 septimus
1299 1195 1372 1253 pes,

222 1279 275 1356 qui
291 1278 414 1338 ultimus
431 1283 500 1338 ante
517 1280 659 1350 κατάληξιν
676 1285 729 1352 eet,
747 1277 893 1338 trochaetm
905 1283 958 1338 out
967 1278 1074 1339 saltem
1084 1278 1254 1356 tribrachys
1268 1282 1370 1350 esset,

222 1380 366 1440 contenti.
403 1379 559 1456 Diaeresin,
581 1401 648 1460 quae
670 1385 739 1459 post
762 1387 902 1459 quartum
922 1380 1032 1459 pedem
1054 1400 1118 1440 esse
1141 1380 1240 1454 debet,
1266 1383 1372 1440 inter·

222 1481 294 1540 dum
315 1481 481 1560 negligunt,
505 1483 557 1542 scd
579 1503 657 1558 raro,
680 1487 715 1542 ut
737 1484 872 1558 migratu
894 1483 969 1561 legis
988 1485 1139 1544 excusatio
1158 1483 1296 1561 petenda
1314 1483 1367 1540 sit.

223 1583 403 1662 Legitimam
437 1585 513 1644 hanc
545 1585 638 1644 fuisse
670 1604 775 1644 versus
809 1584 985 1646 divisionem
1023 1586 1072 1645 vel
1110 1583 1180 1644 iude
1220 1589 1369 1665 apparet,

223 1687 304 1764 quod
331 1687 385 1747 illo
413 1687 480 1748 loco
507 1688 623 1747 hictum
651 1688 793 1747 facillime
819 1686 958 1748 tolerant.
1002 1687 1132 1763 Negavit
1158 1687 1216 1747 boc
1243 1688 1369 1748 Mulier

225 1787 283 1865 (Pl.
306 1789 389 1850 Pros.
413 1810 443 1868 p.
469 1791 529 1848 542
552 1787 632 1868 sqq.)
656 1791 833 1849 sententiam
857 1811 875 1850 a
896 1790 1048 1868 plerisque
1072 1789 1209 1850 omnibus
1232 1789 1370 1850 editori·

222 1891 278 1952 bue
300 1893 460 1970 probatam
481 1912 589 1970 magno
612 1892 713 1951 studio
735 1893 872 1952 refellere
895 1895 1028 1966 conatus,
1052 1893 1106 1950 sed
1126 1891 1247 1952 flustra.
1296 1891 1369 1950 Hoc

224 2015 343 2074 quoqne
371 1993 682 2069 animadvertendum,
712 1985 802 2072 quum
830 1995 861 2053 in
890 1995 998 2054 ceteris
1025 1994 1151 2071 pedibus
1179 1993 1366 2054 Latinorum

223 2095 346 2156 licentia
383 2097 482 2158 soluto
515 2096 647 2174 spondeo
686 2095 839 2172 dactylum
878 2097 1067 2170 admitteret,
1102 2117 1121 2156 a
1152 2101 1261 2174 quarto
1298 2096 1366 2154 fere

224 2200 415 2260 abstinuisse.
464 2199 545 2258 Rern
573 2200 767 2258 inveniuntur
794 2199 943 2276 exempla,
973 2204 1009 2258 ut
1029 2199 1112 2258 Trin.
1136 2199 1213 2258 604:
1252 2197 1366 2274 „Lysi-

223 2290 317 2362 cellit
362 2299 430 2361 Ter.
452 2300 674 2362 Pheraeos:
708 2294 825 2377 „pollilo
853 2295 1047 2377 resulpinat“.
1073 2314 1112 2341 -’-
1135 2300 1237 2360 Latini
1265 2301 1366 2359 etiem

223 2421 279 2480 pro
312 2400 446 2479 spondeo
478 2402 628 2462 interdum
657 2404 953 2484 proceleusmaticum
980 2407 1160 2482 posuersmt,
1188 2406 1225 2461 ut
1246 2400 1361 2480 Amph.

224 2500 447 2578 439:'„nimis
481 2497 626 2566 simillis“.
683 2507 761 2565 711:
799 2506 873 2580 „tibi
906 2497 1111 2584 parilturam“.
1167 2503 1252 2584 Capt.
1276 2505 1361 2562 491:

227 2593 411 2681 ,conisilium
433 2599 566 2668 iuilcre“.
600 2608 686 2668 Gurc.
702 2609 777 2668 547:
805 2608 910 2682 „Facis
933 2597 1137 2686 sepilentius“.
1171 2607 1261 2684 Epid.
1278 2608 1360 2666 57⁷:

228 2713 347 2784 „tamen
369 2708 452 2770 ero“.
498 2712 574 2769 658:
607 2709 715 2783 „modo
745 2709 838 2770 siue“.
883 2712 1072 2773 Mil.1342:
1107 2710 1211 2784 „facio
1234 2703 1361 2784 agilte“.

223 2811 317 2872 Mero.
342 2813 419 2872 954:
453 2814 526 2887 „tibi
552 2805 710 2891 placilda“.
761 2813 852 2874 Sticb.
878 2816 955 2874 517:
990 2812 1111 2888 ,Satine
1138 2809 1222 2890 ego“.
1272 2811 1360 2870 Trin.

226 2917 302 2976 638:
325 2909 556 2990 ,beneficilum“.
589 2917 686 2976 1051:
708 2912 910 2989 ,beneficilo“.
944 2915 995 2975 Fit
1010 2915 1067 2974 hoc
1084 2915 1194 2992 saepius
1210 2915 1242 2972 in
1258 2913 1361 2990 primo

224 3016 316 3094 pede,
344 3018 442 3076 rarius
470 3019 502 3076 iu
524 3021 648 3091 ceteris3
679 3018 814 3095 exempla
836 3018 959 3094 collegit
979 3018 1104 3092 Mirller,
1127 3016 1281 3090 Nachtrsg
1304 3031 1361 3074 nur

224 3118 323 3178 Plant.
347 3118 432 3180 Pros.
454 3139 485 3197 p.
510 3121 549 3180 65
573 3139 638 3198 sqq.
683 3121 719 3180 In
747 3122 844 3199 primo
877 3126 977 3181 summ
1010 3121 1247 3198 septenariorum
1279 3116 1360 3194 pede

226 3222 334 3297 saepius
368 3223 458 3281 etiam
491 3243 580 3302 quum
612 3223 644 3282 in
678 3224 879 3297 senariorum,
915 3225 1062 3301 correptis
1093 3223 1190 3300 longis
1223 3220 1358 3298 syllabis,

225 3325 341 3383 numeri
363 3326 510 3398 oriuntur,
534 3326 586 3401 qui
608 3325 695 3384 nobis
717 3325 841 3402 quidem
858 3346 877 3385 a
894 3330 990 3384 metro
1010 3325 1169 3384 abhorrere
1187 3325 1357 3396 videantur,

225 3425 336 3486 utlllil.
351 3427 427 3488 292:
455 3425 643 3502 „Profecto“.
678 3427 717 3487 ib.
734 3429 831 3488 1002:
859 3427 941 3505 „Ego
960 3426 1036 3488 hano
1054 3424 1232 3504 conltiuuc“.
1266 3425 1356 3503 Epid.

229 3531 304 3590 158:
332 3529 429 3603 „Quid
451 3530 501 3589 hic
522 3527 631 3590 nunc“.
666 3529 762 3590 Locos
785 3531 905 3608 collegit
922 3530 1050 3608 Spengel
1072 3551 1103 3609 p.
1124 3531 1182 3591 107
1206 3549 1282 3607 sqq,
1306 3527 1359 3606 qui

225 3651 263 3692 ne
296 3634 436 3710 quintum
468 3631 589 3710 quidem
621 3633 742 3712 pedem,
777 3635 890 3712 quippe
923 3633 975 3692 ubi
1006 3637 1077 3711 post
1107 3632 1245 3692 diaeresin
1273 3628 1357 3709 quasi

225 3754 320 3794 novus
341 3755 446 3794 versus
467 3735 599 3812 incipere
622 3735 771 3810 videntur,
795 3736 832 3795 cb
855 3735 911 3794 hcc
932 3736 1055 3794 licentia
1077 3736 1189 3808 eximit,
1212 3739 1247 3794 ut
1267 3731 1356 3813 Epid.

228 3837 304 3897 670:
332 3835 429 3914 „Quid
450 3835 529 3896 bunc
551 3827 732 3897 solllicitos“.

562 4007 808 4084 septenarius
830 4008 1025 4082 iambicus,

225 4145 246 4203 i.
271 4163 296 4204 e.
319 4148 495 4204 tetrameter
516 4143 661 4204 iambicus
684 4144 884 4218 catalecticus,
903 4164 1041 4224 magnam
1057 4143 1150 4204 babet
1164 4144 1356 4216 bilaritatem,

227 4267 335 4326 quare,
363 4252 398 4306 ut
420 4249 463 4307 ait
485 4247 689 4322 Hermsnuue,
720 4246 863 4307 comoedia
891 4268 957 4307 sum
984 4251 1078 4320 emet,
1102 4246 1249 4324 tragoedia
1269 4265 1357 4325 repu-

227 4349 330 4409 diavit.
375 4348 422 4408 Ne
450 4349 627 4450 Romanam·
649 4348 770 4425 quidem
797 4349 973 4425 trogoediem
1001 4351 1156 4427 agnovisse
1183 4348 1254 4408 iude
1281 4346 1358 4407 effici
