2976 5056
617 510 650 565 v.
668 511 813 568 acac
1218 519 1280 582 art

114 701 282 780 undique
305 704 468 778 addixisse,
491 710 526 764 nt
546 707 578 764 in
601 724 808 782 quamcunque
836 711 953 784 partem
982 727 1015 765 se
1039 708 1175 767 conferre
1197 709 1278 783 velit,

115 807 324 881 permittere
351 806 518 866 videantur.
564 803 750 881 (adraittunt
770 811 830 866 iam
852 809 883 866 in
906 807 992 868 codd.
1017 805 1097 882 em).
1142 811 1279 884 Augures

118 905 215 964 alias
246 925 317 964 aves
339 905 377 965 ab
399 908 458 966 alia
478 913 565 986 parte
587 915 765 986 apparentes
787 909 887 968 fausta
913 912 1013 969 omina
1034 909 1168 988 praebere
1191 912 1279 971 doce-

115 1005 226 1080 bant,
253 1007 410 1086 plerasque
434 1009 471 1068 ab
493 1011 580 1082 laevm
604 1009 738 1068 infelices
761 1009 798 1068 ab
822 1010 938 1084 dextra,
962 1011 1022 1070 vid.
1047 1011 1106 1072 Cic.
1129 1012 1230 1072 Divin.
1253 1013 1278 1088 Ι,

121 1111 194 1183 39,
229 1113 286 1169 85:
325 1129 395 1184 ,cur
418 1131 436 1170 a
458 1111 563 1170 dextre
584 1127 704 1184 corvus,
729 1131 746 1170 e
768 1113 892 1171 sinistra
913 1115 1017 1172 cornix
1038 1115 1128 1173 iaciat
1149 1111 1278 1174 ratum“.

120 1210 247 1271 Plaut.
270 1212 338 1271 Aul.
364 1214 439 1271 614:
478 1213 564 1285 „Non
596 1219 709 1272 temere
742 1219 801 1286 est,
833 1214 912 1291 quod
941 1235 1045 1274 coruos
1075 1221 1177 1274 cantat
1205 1217 1279 1276 mihi

123 1333 226 1373 nunc
249 1315 287 1373 ab
309 1315 396 1373 laeua
418 1311 537 1374 manu“.
578 1313 623 1374 De
644 1330 743 1392 parra
764 1335 793 1374 v.
817 1315 890 1374 Hor.
911 1315 965 1374 Od.
990 1317 1048 1390 III,
1068 1319 1117 1390 27,
1144 1321 1175 1376 1;
1203 1319 1279 1391 „Im-

123 1418 215 1494 pios
251 1435 348 1493 parrae
381 1418 543 1474 recinentis
577 1436 663 1476 omen
698 1415 817 1476 ducat“.
869 1417 1008 1481 Ceterum
1037 1419 1067 1476 h,
1093 1439 1123 1478 v.
1151 1420 1280 1502 secunda

127 1516 267 1576 demum
296 1514 343 1591 (ut
370 1517 488 1576 videtur
516 1517 694 1592 camerarii)
727 1539 817 1578 manu
844 1519 875 1577 in
903 1520 1014 1578 codB
1043 1523 1189 1597 scriptum
1218 1529 1278 1592 est;

127 1619 247 1678 fuerat
273 1634 394 1695 porro,
426 1605 659 1680 emendationem
682 1619 851 1696 ¹flagitabat
882 1621 1009 1697 pluralis
1038 1641 1178 1680 numerus
1208 1638 1279 1682 con·

130 1717 293 1781 suadent.
338 1721 373 1779 In
399 1723 502 1799 priore
530 1721 635 1782 versus
661 1729 748 1800 parte
776 1741 841 1781 voc.
870 1721 919 1781 eat
945 1743 1001 1781 om.
1026 1723 1086 1794 Fl,
1116 1731 1207 1783 recte.
1235 1753 1279 1765 --

132 1824 220 1882 260.
243 1821 369 1882 Versum
396 1823 474 1882 hunc
503 1844 569 1882 cum
592 1825 653 1884 262
682 1823 770 1882 affert
791 1822 905 1882 Nonius
928 1844 958 1901 p.
982 1825 1044 1882 414
1074 1827 1183 1884 omisso
1212 1845 1278 1884 voc.

139 1921 242 1999 „hoc“
275 1929 306 1982 et
333 1919 420 1984 haud
444 1943 499 2001 pro
526 1935 590 1984 aua
616 1927 747 2002 scripto,
778 1925 859 2001 qaod
887 1946 940 1984 our
962 1927 1172 2004 praeferamus,
1195 1927 1280 1986 nulla

136 2031 313 2086 causaest.
360 2021 437 2086 Noa
466 2025 665 2087 temerarium
693 2027 742 2086 eat
767 2028 878 2102 legitur
903 2032 993 2087 etiam
1014 2027 1082 2086 Aul.
1108 2029 1184 2101 1793
1207 2028 1278 2088 alibi

134 2145 209 2188 nou
233 2129 345 2188 conoe
367 2127 421 2200 est,
445 2133 480 2187 ut
495 2129 564 2187 Aul.
585 2130 656 2187 614.
680 2128 747 2187 Ter.
765 2127 842 2187 Eun.
862 2131 932 2189 291.
957 2129 1064 2188 Heaut.
1085 2131 1156 2189 620.
1193 2130 1278 2202 Quod

137 2233 231 2310 picus
253 2231 367 2290 ulmum
389 2229 499 2304 tundit,
523 2233 594 2306 quia
616 2249 653 2288 ex
675 2229 755 2288 ulmo
777 2231 868 2308 virgae
885 2231 999 2291 fiebant
1023 2229 1063 2305 (v.
1084 2233 1154 2292 338.
1180 2228 1275 2305 369),

139 2339 283 2406 veretur,
312 2352 349 2390 ne
376 2331 434 2390 hoc
462 2334 560 2392 omine
593 2333 684 2408 virgae
713 2332 926 2409 significentur.
954 2362 998 2372 -
1027 2333 1099 2392 261.
1123 2333 1216 2393 Godd.
1239 2349 1279 2393 eu

139 2431 281 2512 anglario
298 2429 441 2510 auspicii.
476 2433 625 2492 Camerar.
644 2439 674 2492 et
690 2436 887 2510 posteriores:
908 2433 1155 2513 ,auspicioque“;
1174 2455 1278 2495 verum

141 2539 261 2596 invenit
272 2535 421 2609 Gertzius‘,
438 2555 507 2594 nam
525 2531 592 2595 eius
601 2532 670 2611 pici
686 2535 876 2594 scribendum
894 2542 948 2595 est.
978 2537 1014 2595 In
1032 2537 1150 2596 diaeraai
1168 2537 1282 2619 hiatur,

141 2669 188 2680 -
212 2641 284 2698 262.
307 2635 343 2698 a'n
364 2634 491 2712 mundo,
515 2641 535 2697 i.
560 2657 584 2696 e.
608 2645 731 2715 paratae,
755 2637 792 2697 ci.
818 2639 889 2696 314.
913 2637 979 2697 Cas.
1002 2640 1072 2698 542.
1095 2637 1184 2716 Epid.
1206 2641 1277 2698 609.

142 2742 226 2801 Poen.
252 2741 323 2801 786.
348 2741 429 2800 Pers.
454 2742 504 2800 46.
528 2739 621 2799 Stich.
646 2742 717 2799 477.
760 2739 913 2799 Charisius
935 2761 965 2818 p.
991 2743 1066 2801 180:
1093 2741 1145 2813 „In
1168 2739 1277 2800 mundo

142 2844 323 2923 propalam
347 2849 377 2901 et
399 2845 431 2901 in
453 2842 594 2920 expedito
617 2863 651 2901 cc
674 2845 743 2914 cito,
768 2842 893 2901 Plautus
915 2845 947 2901 in
969 2837 1018 2872 *⁴¹*
1042 2842 1117 2915 Quia
1139 2843 1276 2916 sciebam,

93 2933 95 2938 ’
144 2948 252 3022 inquit,
276 2947 317 3003 mi
338 2947 498 3022 pistrinum
520 2947 551 3003 in
574 2943 684 3003 mundo
708 2941 803 3015 lore“,
827 2964 893 3020 quae
907 2944 1019 3004 Ritsch.
1038 2946 1077 3004 ad
1094 2945 1200 3004 Pseud.
1215 2947 1275 3004 499

145 3051 298 3128 pertinere
327 3049 494 3124 suspicatus
523 3051 577 3106 est.
601 3075 645 3086 --
665 3041 843 3121 Atrieaeis,
868 3049 920 3125 qui
943 3048 1052 3105 atrium
1076 3053 1175 3105 servat
1204 3044 1276 3120 (vid.

143 3151 260 3210 Poennl.
287 3145 404 3224 1287),
429 3152 505 3208 atrio
535 3151 714 3226 praepositus
738 3154 828 3226 atque
852 3149 926 3207 adeo
949 3151 1043 3208 totius
1066 3147 1170 3206 domus
1192 3147 1278 3223 quasi

144 3257 328 3331 procurator
350 3252 486 3329 quidam,
509 3252 557 3310 vel
580 3251 651 3329 quia
673 3253 782 3309 atrium
804 3252 957 3327 praecipua
978 3269 1048 3327 pars
1071 3249 1179 3308 aedium
1204 3255 1276 3322 erat,

144 3356 194 3414 vel
218 3356 288 3432 quia
310 3355 352 3414 ibi
374 3356 406 3412 in
429 3355 564 3412 armariis
588 3354 724 3424 starcia,
748 3354 773 3411 si
796 3353 917 3429 quidem
940 3352 1076 3429 exempla
1097 3351 1279 3428 Pompeiana

146 3459 311 3517 commanis
340 3457 432 3514 moris
455 3455 635 3514 documenta
657 3459 741 3526 sunt,
764 3455 892 3531 pecunia
915 3459 945 3512 et
966 3455 1101 3530 pretiosa
1122 3471 1195 3510 vasa
1216 3473 1278 3510 aer·

144 3561 304 3618 rebantur.
349 3559 392 3618 cf.
416 3557 522 3617 Pseud.
548 3559 623 3616 613:
663 3556 799 3628 ,Condus
831 3574 954 3632 promus
987 3575 1066 3626 sum,
1101 3558 1278 3631 procurator

146 3664 226 3740 peni.
271 3660 309 3720 Η.
338 3659 428 3732 Quasi
450 3665 480 3718 te
503 3659 584 3719 dices
607 3659 774 3717 atriensem.
808 3657 852 3715 ¹P.
881 3656 975 3716 Immo
999 3655 1123 3714 atriensi
1146 3675 1200 3732 ego
1222 3657 1277 3713 im-

145 3761 251 3842 pero“.
285 3763 381 3822 Oasin.
406 3764 478 3821 439.
507 3761 567 3820 Cic.
587 3759 694 3820 Parad.
721 3764 748 3833 5,
773 3762 801 3832 2,
827 3760 882 3818 38;
910 3757 959 3830 ,si
982 3757 1015 3816 L.
1039 3757 1200 3815 Mummius
1223 3757 1277 3816 ali·

147 3885 235 3943 quem
256 3867 386 3924 istorum
407 3865 524 3922 videret
546 3863 744 3922 matellionem
769 3860 955 3923 Corinthium
985 3858 1177 3937 cupidissime
1199 3865 1278 3918 trac·

145 3973 270 4040 tantem,
294 3985 383 4043 quum
407 3968 470 4042 ipse
495 3971 589 4024 totam
612 3965 786 4024 Corinthum
809 3964 1046 4040 contempsisset,
1071 3965 1170 4020 atrum
1193 3960 1278 4020 ilium

148 4071 242 4130 civem
254 4069 447 4128 excellentem
459 4089 496 4126 an
508 4070 668 4126 atriensem
680 4066 851 4144 diligentem
861 4061 1025 4143 putaret?“
1042 4093 1084 4103 -
1097 4065 1167 4122 264.
1181 4063 1278 4134 Quum

147 4172 301 4230 festinatio
314 4171 454 4230 Leonidae
475 4191 542 4228 eum
559 4170 631 4228 novi
647 4169 763 4246 aliquid
781 4167 888 4228 afferre
910 4167 1030 4240 indicet,
1053 4170 1180 4244 propter
1202 4163 1278 4224 illud

148 4292 235 4333 omen
257 4275 364 4332 timore
381 4271 521 4331 afficitur.
556 4272 681 4330 Versum
700 4270 910 4330 affertNonius
929 4290 959 4347 p.
980 4271 1039 4328 145
1058 4289 1117 4345 sq.:
1145 4260 1278 4340 ,Obsce-

146 4369 253 4449 aaut,
282 4375 368 4452 quasi
396 4393 511 4433 scevam
540 4370 619 4447 (cod.
642 4370 774 4447 scevam)
803 4373 914 4432 malum
943 4391 1029 4431 omen
1057 4371 1169 4429 obtulit
1199 4365 1278 4443 (cod.
