2976 5056
581 484 613 540 v.
633 487 809 542 roes-rose.
987 475 990 481 '
1175 445 1178 450 ⁵
1199 491 1260 554 331

100 669 288 736 sermones
320 679 473 751 eiecisset,
502 678 600 739 denuc
627 680 742 757 recepit
762 680 834 740 Pius
859 677 995 756 (Mediol.
1021 677 1116 754 1500)
1140 681 1262 758 penlum

101 776 297 839 immutatus
322 788 354 840 st
376 782 495 840 insertis
517 787 661 859 quattuor
682 783 817 842 versibus
835 782 961 844 eNonio
980 783 1155 860 desumptis.
1190 783 1262 857 Ques

99 897 151 936 res
174 887 286 943 tentes
313 883 483 943 editoribus
505 883 603 945 fraudi
626 885 693 957 fuit,
717 889 752 944 ut
776 885 815 944 ed
836 891 970 946 nostrum
992 886 1133 946 seculum
1159 904 1262 946 omnes

98 985 283 1061 supponite
311 986 366 1046 ills
391 989 566 1046 retinerent.
610 986 784 1047 Mirandum
811 987 948 1068 proiecto
976 993 1022 1048 est
1043 987 1203 1048 Niebubrii
1231 993 1262 1048 et

99 1083 328 1148 Lindemanni
354 1089 490 1146 scumine
518 1107 594 1166 opus
621 1089 728 1163 fuisse,
757 1095 792 1149 ut
819 1109 874 1169 pro
902 1091 1013 1168 spuriis
1036 1089 1260 1165 damnarentur,

100 1204 174 1262 quae
208 1189 316 1250 bodie
343 1209 430 1249 nemo
457 1210 518 1250 non
545 1191 630 1250 videt
656 1191 798 1251 1111111111·
820 1193 916 1270 magis
938 1212 1027 1270 quem
1050 1191 1124 1253 bene
1147 1198 1178 1252 et
1201 1194 1261 1253 ele·

99 1295 222 1362 genter
256 1293 403 1371 supplete
431 1311 505 1350 esee.
549 1291 608 1352 Sed
636 1294 687 1370 qui
710 1294 790 1372 opud
812 1293 944 1354 Nonium
964 1300 996 1354 'et
1018 1295 1203 1356 Priscienum
1224 1317 1262 1356 ex

100 1391 346 1470 Amphitryone
366 1393 468 1454 Plenti
497 1393 664 1454 offeruntur
692 1415 795 1456 versus
822 1397 854 1456 in
882 1397 1036 1457 codicibus
1062 1400 1173 1458 nostris
1201 1418 1262 1458 non

102 1494 258 1570 inventi,
284 1498 306 1554 ii
335 1495 374 1556 ed
402 1496 478 1556 benc
505 1496 615 1556 subules
641 1503 760 1574 portem
787 1500 968 1575 pertinuisse
995 1499 1143 1560 ridentur.
1189 1501 1261 1574 Qun

102 1597 131 1652 si
156 1617 239 1657 cnm
265 1600 318 1672 iis,
342 1617 408 1676 ques
430 1600 462 1658 in
484 1599 609 1677 reliquis
637 1600 744 1660 febulte
773 1601 910 1678 pertibus
938 1600 1158 1676 significentur,
1182 1623 1261 1662 com·

103 1703 343 1775 paraverimus,
367 1701 468 1778 quelle
488 1702 706 1776 interciderint,
730 1704 919 1780 aliquetenus
942 1704 1088 1781 suspicari
1110 1705 1223 1764 licebit.

204 1803 309 1864 Periit
336 1807 466 1881 primum
493 1809 627 1863 extreme
655 1823 726 1881 pers
756 1805 897 1884 colloquii
919 1805 1061 1864 Mercurii
1084 1811 1114 1864 et
1136 1806 1261 1884 Amphi-

106 1907 254 1980 tryonis,
277 1927 339 1985 qus
354 1905 428 1966 deus
446 1909 586 1966 miserum
602 1907 752 1966 hominem
775 1907 906 1966 ludibrio
928 1908 1064 1967 habitum
1088 1908 1124 1966 ub
1147 1907 1262 1967 sedibus

110 2005 220 2082 abigit
245 2006 287 2083 (r.
311 2011 373 2069 9⁷2
396 2030 441 2088 sq.
466 2005 542 2084 991)
568 2006 1119 2088 111111111111111111111111110.
1145 2012 1206 2069 994
1230 2015 1262 2070 11

114 2107 236 2186 1031).
281 2111 378 2171 Periit
406 2113 543 2190 proxime
573 2133 674 2186 scene,
704 2133 778 2189 que,
801 2119 962 2191 postquem
985 2112 1059 2171 ebiit
1081 2111 1260 2184 Mercurius,

110 2208 212 2272 Sosia
240 2216 383 2274 arcessito
405 2214 595 2292 Blepharone
623 2214 824 2290 gubernatore
854 2212 894 2290 (v.
919 2211 995 2289 901)
1025 2215 1161 2289 advenit,
1189 2215 1262 2274 Am-

114 2314 249 2394 phitryo
277 2323 376 2376 entem
405 2317 530 2376 eundern
559 2337 622 2376 esse
652 2317 789 2390 credens,
820 2320 873 2394 qui
901 2338 933 2377 se
960 2337 1056 2396 nuper
1085 2318 1122 2376 eb
1148 2317 1261 2377 aedibus

118 2419 188 2478 suis
213 2420 358 2497 abegerit,
381 2425 412 2479 et
434 2419 535 2478 verbis
556 2423 693 2496 increpet
715 2425 746 2479 et
767 2421 855 2479 minis
883 2420 1118 2496 verberibusque
1143 2425 1262 2478 coercet

118 2515 165 2594 (v.
193 2525 255 2583 995
279 2541 324 2602 sq.
351 2528 383 2582 et
414 2523 494 2582 1039
518 2519 588 2600 sq.).
632 2521 709 2582 Tum
743 2524 873 2602 strepitu
907 2527 975 2582 11111
1008 2523 1127 2581 ienuam
1157 2522 1261 2582 audito

120 2623 270 2686 Alcmene
297 2625 436 2703 prodisse
463 2625 600 2698 videtur,
628 2625 661 2682 in
688 2645 777 2702 quem
798 2625 977 2703 Amphitryo
1007 2631 1038 2684 et
1068 2626 1263 2703 questionem

121 2725 261 2787 instituit
282 2728 458 2788 acerrimum
481 2724 524 2801 (v.
550 2729 630 2788 1008
654 2724 713 2805 sq.)
743 2733 774 2786 11
801 2727 964 2786 moledicte
989 2729 1101 2803 ingerit
1124 2726 1261 2803 (Argum

121 2827 171 2902 Π,
196 2827 245 2904 6);
274 2830 328 2889 ills
354 2849 426 2889 vero
453 2833 585 2908 primum
612 2829 729 2906 plocide
756 2829 932 2908 respondet,
963 2829 1070 2890 deinde
1104 2831 1191 2908 quasi
1224 2830 1262 2889 ab
1333 2894 1337 2902 ⁸

124 2930 233 2992 insono
260 2932 380 2991 homino
403 2931 532 2992 discedit
556 2929 596 3004 (v.
624 2928 729 3006 1044).
774 2933 907 2992 Tandem
929 2934 1064 3010 Iuppiter
1093 2935 1171 3011 ipse,
1201 2953 1262 3010 quo

126 3035 231 3094 turbes
255 3033 293 3092 nd
316 3039 482 3094 extremum
505 3040 627 3109 eugeet,
650 3035 878 3112 Amphitryonis
906 3056 1064 3112 personam
1091 3055 1198 3112 gerens
1226 3055 1262 3093 ex

128 3137 242 3198 cedibus
265 3138 335 3196 exit.
382 3137 476 3209 Quem
499 3157 590 3215 quum
612 3139 739 3196 meritus
761 3158 817 3216 pro
840 3137 954 3198 moecho
978 3138 1127 3215 corripere
1150 3135 1261 3208 studet,

128 3241 192 3318 ipse
214 3260 284 3301 eum
306 3241 411 3301 eedem
433 3242 553 3300 nomine
575 3240 684 3316 erripit
712 3237 797 3315 (Arg.
820 3239 863 3313 II,
888 3237 920 3316 7)
951 3223 1088 3317 colloque
1117 3238 1262 3296 obstricto

128 3343 222 3402 trahit
246 3339 333 3418 (946.
360 3339 470 3416 1045),
494 3341 644 3419 Blepbero
673 3349 773 3402 eutem
804 3343 918 3402 arbiter
940 3348 1060 3421 ceptus,
1085 3346 1153 3400 uter
1175 3359 1263 3400 verus

129 3448 166 3504 sit
189 3445 387 3524 Ambitryo,
410 3444 584 3522 dignoscere
607 3465 667 3504 non
689 3451 802 3523 petest,
831 3439 1017 3522 ridiculeque
1046 3443 1167 3502 delusus
1201 3442 1263 3501 ubit

131 3545 215 3627 (Arg.
239 3549 277 3621 Π,
302 3551 320 3606 7
344 3567 389 3625 sq.
414 3549 487 3608 945.
514 3544 619 3621 1051).

218 3652 309 3712 1098.
333 3649 458 3710 Versum
492 3655 668 3726 corruptum
701 3651 744 3708 sic
772 3648 899 3725 Pylades
927 3650 1071 3708 correxit:
1111 3649 1176 3721 ,Ite
1209 3669 1263 3726 ego

128 3757 158 3812 te
181 3759 265 3814 certo
288 3771 375 3812 cruce
397 3759 427 3812 et
449 3755 583 3812 crucietn
606 3752 757 3824 mecteb03
782 3752 830 3810 exi
852 3752 948 3824 fores,
971 3748 1149 3826 mastigio“;
1173 3757 1262 3824 recte,

129 3855 211 3932 quod
243 3852 310 3928 ,te“
341 3855 459 3914 eddidit
488 3861 521 3914 et
550 3851 723 3928 ,crucietu“
752 3855 888 3931 scripsit,
912 3853 965 3912 sed
992 3851 1068 3927 ,At“
1093 3853 1264 3932 relinquen·

130 3958 201 4017 dum
225 3963 299 4017 eret.
345 3957 426 4017 11111
454 3977 560 4036 perum
588 3959 703 4035 plecct3
734 3956 893 4016 delendum
922 3975 1035 4016 censeo.
1081 3972 1160 4017 eruo
1188 3956 1264 4015 nihil

131 4067 185 4120 est.
234 4059 309 4134 „Exi
337 4058 435 4119 fores“
467 4079 528 4119 non
557 4059 747 4137 displiceret,
778 4060 804 4119 11
831 4078 936 4118 versus
963 4063 1132 4137 peteretur,
1155 4059 1263 4118 saltem

131 4163 237 4222 melius
260 4167 320 4237 est,
344 4182 432 4239 quem
454 4162 536 4240 quod
557 4162 667 4222 Hoffm.
690 4183 720 4240 p.
746 4166 785 4223 50
814 4161 1004 4222 commendet
1034 4158 1162 4235 ,exito“,
1195 4181 1264 4220 nem

133 4265 266 4324 futurum
289 4265 459 4341 imperativi
481 4265 531 4324 hic
557 4265 656 4324 locum
683 4265 865 4324 nonhabet.
910 4263 968 4323 Sed
996 4268 1169 4342 corruptum
1197 4283 1264 4323 rer·

132 4367 210 4442 bum,
229 4369 365 4445 quemvis
382 4367 461 4427 unde
479 4372 578 4427 ortum
590 4369 703 4426 sitnon
715 4374 869 4445 appareat,
882 4366 982 4426 delere
994 4367 1088 4440 melo;
1107 4386 1165 4443 quo
1182 4366 1264 4426 fecto
