2992 5054
599 557 777 637 Amphitruo,
1232 565 1251 626 9

121 748 188 816 Sed
209 749 260 813 ita
282 746 494 813 adsimulauit
517 767 552 812 se
576 747 669 832 quasi
690 747 885 832 Amphitruo
909 748 981 814 siet.
1204 749 1253 802 lle

121 860 217 923 Nune
239 879 280 922 ne
303 857 391 921 hune
414 861 566 920 ornatum
588 877 648 921 uos
671 877 779 920 meum
801 857 1017 938 admiremini,

122 967 219 1046 Quod
242 986 303 1048 ego
325 964 389 1029 huo
413 964 560 1047 processi
584 964 631 1028 sie
655 985 728 1030 oum
751 965 864 1032 seruili
887 965 1029 1046 schema,

120 1075 278 1142 Ueterem
300 1081 400 1156 atque
424 1072 594 1154 antiquam
615 1093 685 1138 rem
707 1093 827 1139 nouam
850 1073 893 1138 ad
915 1095 974 1138 uos
997 1072 1172 1158 proferam.

121 1185 303 1268 Propterea
325 1187 462 1252 ornatus
483 1181 518 1245 in
540 1199 661 1246 nouom
681 1182 802 1248 incessi
824 1181 972 1248 modum:

120 1292 208 1358 Nam
230 1312 320 1357 meus
343 1295 439 1374 pater
460 1290 549 1354 intus
571 1311 659 1354 nunu
682 1297 742 1369 est,
766 1311 890 1370 seeum,
913 1290 1075 1374 luppiter3
1202 1290 1252 1342 1²⁰

121 1401 161 1467 In
183 1399 429 1483 Amphitruonis
452 1399 556 1463 uertit
578 1419 649 1463 sese
671 1399 857 1482 imaginem,

122 1512 307 1591 Omnesque
330 1527 404 1571 eum
427 1527 498 1572 esse
521 1513 658 1572 censent
679 1509 766 1573 serui
788 1509 844 1590 qui
866 1507 995 1586 uideut3

121 1618 175 1682 lta
196 1614 406 1699 uorsipellem
428 1636 462 1679 se
485 1615 573 1696 fucit,
597 1616 728 1698 quondo
750 1616 852 1681 lubet.

122 1725 193 1809 Ego
215 1723 301 1790 serui
324 1724 447 1806 sumpsi
468 1722 582 1789 Sosiae
603 1724 684 1788 mihi
705 1724 888 1806 imaginem,

121 1834 185 1913 Qui
209 1853 282 1897 cum
303 1831 541 1915 Amphitruone
565 1832 646 1897 abiit
667 1832 744 1896 hino
767 1833 800 1897 in
823 1834 1013 1912 exercitum,
1199 1832 1249 1885 12⁶

119 1942 167 2008 Ut
190 1940 393 2024 praesemire
416 1941 543 2030 amanti
563 1962 634 2006 meo
658 1961 786 2023 possem
808 1942 906 2024 putri,

118 2051 227 2132 Atque
250 2055 359 2129 utne,
380 2049 438 2131 qui
460 2069 573 2128 essem,
594 2046 775 2114 familiares
798 2055 1004 2132 quaererent,

34 2237 40 2250 .
118 2157 258 2224 Uorsari
282 2157 397 2222 erebro
420 2157 474 2221 hio
497 2177 596 2240 quom
618 2157 769 2222 uiderent
791 2179 842 2222 me
866 2158 961 2222 domi.

118 2266 224 2344 Nune,
247 2285 345 2346 quom
368 2285 439 2330 esse
463 2265 598 2330 credent
621 2287 752 2330 seruum
774 2271 808 2330 et
831 2285 1022 2330 eonsemom
1045 2285 1149 2343 suum,

119 2374 218 2439 Haud
241 2374 414 2456 quisquam
436 2379 582 2456 quaeret,
606 2374 663 2456 qui
685 2375 747 2438 sim
769 2379 827 2439 aut
850 2374 928 2457 quid
950 2373 1104 2439 uenerim.
1199 2382 1248 2434 130

118 2482 219 2547 Pater
241 2502 328 2547 nuno
350 2481 438 2546 intus
460 2504 519 2548 suo
543 2483 651 2547 animo
674 2503 797 2548 morem
820 2483 921 2564 gerit;

120 2589 230 2657 Cubat
252 2589 439 2673 conplexus
464 2591 580 2673 quoius
603 2591 736 2674 cupiens
758 2597 951 2656 maxumest.

119 2699 212 2778 Quae
234 2699 283 2762 illi
306 2697 348 2764 ad
371 2698 532 2782 legionem
554 2697 645 2764 faeta
668 2705 752 2779 sunt,
775 2703 936 2763 memorat
958 2705 1054 2781 pater

117 2807 212 2872 Meus
233 2806 446 2886 Alcumenae3
469 2807 526 2872 illa
547 2807 639 2872 illum
663 2813 776 2872 censet
796 2807 904 2870 uirum

117 2917 219 2982 Suum
241 2937 323 2995 esse,
346 2936 430 2998 quae
454 2936 527 2980 cum
549 2915 727 2980 moeohost.
750 2914 800 2979 Ibi
822 2934 910 2979 nuno
931 2919 1022 2979 meus
1044 2919 1140 2998 peter
1197 2924 1246 2976 135

116 3025 290 3102 Memorat,
311 3024 454 3107 legiones
478 3024 621 3090 hostium
643 3029 681 3088 ut
701 3023 875 3106 fugauerit,

117 3135 190 3212 Quo
213 3139 313 3218 pacto
336 3133 379 3197 sit
402 3132 496 3197 donis
519 3133 660 3198 donatus
683 3132 853 3216 plurumis.

116 3241 169 3306 Ea
191 3239 286 3320 dona,
310 3261 393 3322 quae
415 3241 484 3337 illio
507 3240 737 3325 Amphitruoni
759 3246 836 3306 sunt
858 3240 947 3320 data,

115 3347 335 3428 Abstulimus3
358 3345 456 3413 faoile
479 3371 571 3414 meus
593 3355 690 3433 pater
711 3348 800 3430 quod
821 3348 892 3414 uolt
913 3347 1004 3413 fauit.

115 3458 211 3522 Nune
233 3455 331 3521 hodie
353 3456 547 3539 Amphitruo
570 3457 682 3523 ueniet
703 3456 767 3521 huo
790 3456 832 3521 ab
855 3457 1002 3522 exercitu
1195 3456 1245 3522 140

116 3562 160 3628 Et
182 3585 305 3645 seruos,
328 3565 444 3646 quoius
466 3585 526 3647 ego
549 3563 635 3629 hano
658 3562 727 3630 fero
749 3566 933 3648 imaginem.

115 3672 209 3736 Nune
231 3673 416 3738 internosse
438 3678 476 3738 ut
496 3693 556 3737 nos
579 3673 711 3755 possitis
732 3671 872 3753 facilius,

114 3780 184 3863 Ego
206 3781 267 3845 has
289 3779 418 3846 habebo
440 3802 543 3862 usque
565 3781 600 3845 in
622 3787 737 3864 petaso
760 3781 929 3864 pinnulas;

114 3889 196 3954 Tum
219 3909 291 3953 meo
315 3889 403 3973 patri
425 3895 535 3954 autem
557 3889 686 3954 torulus
708 3890 807 3955 inerit
827 3911 946 3955 aureus

114 3997 181 4062 Sub
203 4001 337 4080 petaso;
359 3995 394 4061 id
415 3998 543 4080 signum
564 3996 794 4080 Amphitruoni
816 4018 882 4063 non
905 3999 975 4064 erit.
1193 3999 1243 4051 145

113 4103 163 4171 Ea
185 4105 281 4189 signa
303 4125 398 4170 nemo
420 4104 536 4170 horum
557 4104 767 4170 familiarium
867 4127 869 4132 ¹

184 4357 428 4498 llglpldmiramini
497 4362 546 4414 117
564 4360 665 4414 seruoli
737 4363 785 4416 139
803 4337 873 4430 quot
944 4365 1089 4432 resperas
1111 4363 1241 4432 opinulas

116 4447 163 4497 144
180 4449 211 4498 to
271 4461 302 4498 us
