2960 5038
97 1691 268 1784 Fabulam
295 1723 333 1782 de
361 1723 579 1801 Amphitryone
607 1731 638 1782 et
665 1725 702 1783 de
729 1725 867 1784 Herculis
894 1709 1044 1785 netelilius
1072 1729 1114 1785 sic
1143 1735 1248 1787 uomet

99 1827 323 1904 Apollodorus
350 1825 428 1884 Bibl.
450 1827 492 1900 11,
517 1829 551 1899 4,
577 1827 606 1884 Β.
661 1827 907 1904 Amphitryonem
939 1835 1101 1906 postquem
1134 1829 1246 1889 infelici

101 1949 182 1989 casu
199 1930 414 2006 Electryonem
430 1933 545 2007 petrem
562 1931 720 2002 Alcmenae,
744 1951 833 2008 quem
856 1931 912 1988 sibi
934 1951 1056 1990 uxorem
1079 1933 1246 2009 spoponde-

100 2037 165 2105 rnt,
193 2031 366 2105 occidisset,
390 2033 504 2090 exulem
527 2053 593 2090 cum
616 2051 724 2111 sponse
740 2033 857 2092 Thebas
879 2036 995 2092 venisse
1017 2033 1143 2093 Creonte
1165 2055 1244 2110 rege.

103 2135 186 2194 Inde
211 2135 251 2194 sd
275 2134 386 2196 bollum
408 2140 511 2194 contre
522 2135 666 2193 Teleboas
688 2135 901 2212 eiveTsphios,
926 2155 1051 2213 quorum
1073 2157 1126 2194 rex
1143 2136 1246 2196 Ptere-

103 2237 177 2296 lsus
202 2237 355 2296 Alcmenae
377 2237 485 2296 frenes
508 2237 715 2310 interfecisset,
738 2237 906 2313 proiectum
928 2239 1086 2297 interiecto
1109 2237 1247 2298 Pterolco

104 2359 256 2415 magnum
277 2341 433 2400 vintoniam
456 2345 633 2416 reportasse.
668 2339 725 2399 Sed
750 2345 909 2417 antequem
924 2341 1042 2399 Thebas
1064 2343 1245 2416 revertisset,

105 2441 219 2502 lovem
243 2444 308 2500 eius
330 2441 427 2501 forme
448 2443 585 2502 indutum
607 2442 779 2501 Alcmenam
809 2443 947 2502 invisisse
970 2448 1000 2500 et
1023 2445 1108 2520 qussi
1131 2465 1146 2502 e
1169 2443 1246 2504 bello

106 2564 272 2604 reversum
295 2545 407 2618 omnia,
432 2565 498 2623 quse
522 2545 564 2603 ibi
586 2550 653 2603 acte
676 2550 784 2617 essent,
809 2547 837 2602 ei
859 2565 993 2604 narrasse
1015 2550 1159 2624 tantoque
1184 2549 1247 2606 eins

110 2667 217 2706 umore
243 2651 362 2724 ceptum
383 2647 485 2720 fuisse,
508 2651 543 2704 ut
565 2652 681 2706 noctem
704 2648 786 2706 illem
808 2647 956 2724 triplicem
974 2647 1162 2724 longitudine
1181 2649 1247 2708 red·

110 2748 211 2809 deret.
259 2749 352 2807 Paulo
373 2755 442 2826 post
462 2769 564 2807 verum
587 2749 834 2825 Amphitryonsm
858 2749 1022 2822 advenisse,
1047 2771 1135 2827 quem
1157 2772 1247 2828 quum

110 2852 271 2923 Alcmene,
295 2853 407 2928 quippe
429 2871 494 2929 qnae
518 2872 614 2929 nuper
636 2871 702 2910 eum
726 2851 894 2910 discessisse
917 2871 1013 2928 neque
1032 2873 1109 2911 nunc
1129 2853 1247 2914 demum

112 2973 128 3012 e
153 2955 236 3013 bello
250 2944 427 3030 ¹periculoso
450 2954 548 3012 redire
571 2960 713 3026 censeret,
736 2973 843 3031 perum
865 2955 935 3012 laeto
957 2958 1056 3012 animo
1080 2956 1246 3031 salutasset,

82 3067 85 3071 “
113 3058 301 3132 mirantique
334 3062 364 3114 et
397 3058 600 3134 expostulanti
636 3057 841 3134 respondisset
880 3076 946 3114 eum
984 3059 1122 3132 proximu
1160 3065 1248 3117 nocte

113 3179 218 3219 secum
242 3157 348 3230 fuisse,
371 3159 476 3217 turbes
498 3159 661 3236 explicasse
683 3159 829 3217 Tiresiam
856 3163 955 3216 vetem
978 3177 1123 3216 summum
1136 3145 1248 3219 'Iovem

116 3279 184 3320 eum
207 3261 352 3319 Alcmena
374 3261 568 3319 concubuisse
592 3261 735 3319 docendo.
779 3261 951 3320 Alcmenam
978 3261 1113 3335 geminos
1138 3281 1248 3338 pueros

114 3365 286 3442 peperisse,
312 3363 470 3421 Herculem
498 3369 529 3420 et
550 3363 708 3440 Iphiclem,
739 3363 866 3421 alterum
895 3383 930 3420 ex
953 3363 1037 3434 love,
1067 3381 1102 3419 ex
1124 3363 1247 3440 Amphi·

115 3473 225 3544 tryone
254 3465 391 3524 alterum.
436 3465 521 3538 Quod
549 3486 587 3524 ne
615 3465 738 3527 dubium
766 3469 915 3538 maneret,
943 3469 1012 3522 uter
1038 3465 1136 3522 utrius
1169 3465 1248 3554 iilius

117 3573 211 3641 esset,
235 3565 357 3625 Iunonis
385 3569 528 3626 invidiam
557 3567 695 3626 effecisse.
741 3566 812 3639 Ques
844 3585 934 3644 quum
961 3567 1063 3643 pueris
1093 3572 1162 3625 octo
1188 3569 1246 3626 iem

46 3687 51 3696 “
117 3689 235 3730 menses
257 3673 337 3729 notis
359 3670 433 3729 dnos
456 3689 566 3745 angues
594 3671 731 3744 ingentes
758 3669 942 3742 immisisset,
966 3668 1123 3727 Herculem
1151 3669 1247 3728 infun·

116 3778 179 3832 tem
202 3773 339 3831 manibus
362 3775 424 3831 suis
445 3778 606 3850 utrumque
628 3772 751 3831 elisisse.

205 3875 261 3933 His
287 3881 378 3951 poete
405 3877 534 3934 comicus
556 3877 600 3932 ito
621 3893 692 3933 usus
715 3878 773 3946 est,
796 3877 831 3930 ut
852 3871 1100 3948 Amphitryonem
1122 3875 1248 3951 imperc-

119 3983 217 4037 torem
229 3977 436 4036 Thebanorum
460 3997 527 4036 cnm
544 3977 681 4035 Telebois
703 3975 815 4033 bellum
838 3975 1124 4049 gerentemfeceret
1145 3977 1249 4034 relicte

121 4081 201 4139 domi
222 4080 365 4138 Alcmene
385 4099 479 4138 uxore
502 4099 538 4138 ex
560 4100 591 4137 se
612 4081 671 4136 iem
695 4077 810 4153 aliquot
831 4095 946 4134 menses
969 4071 1101 4150 merids.
1146 4075 1249 4134 Victor

120 4181 197 4241 bello
226 4183 359 4242 coniecto
388 4181 507 4241 rediens
535 4181 650 4240 Sosiam
678 4199 796 4238 serrum
826 4177 947 4237 domum
976 4197 1042 4236 oum
1070 4179 1177 4237 nuntio
1211 4178 1249 4236 ed

122 4305 242 4344 uxorem
271 4287 426 4362 premisit.
471 4283 529 4344 Sed
562 4283 632 4341 huic
666 4281 782 4341 obviem
810 4279 845 4338 fit
871 4279 1039 4338 Mercurius
1061 4279 1140 4338 lovis
1168 4279 1248 4338 filius

123 4388 260 4466 idemque
282 4387 411 4445 famulus
432 4388 526 4464 ipsius
543 4385 635 4444 Sosise
658 4385 785 4442 formem
807 4399 920 4456 gerens,
946 4399 1082 4459 eumque,
1100 4399 1137 4438 ne
1155 4383 1249 4457 petris

997 4493 1044 4546 15*
