2992 5054
593 513 769 583 Amphitruo.

209 873 444 940 ALCUMENA
466 873 521 938 ΕΤ
544 873 653 939 IDEM
676 873 928 941 AMPHITRUO
952 874 1007 940 ET
1030 875 1159 943 SOSIA.

575 1028 793 1094 Alcumena

119 1136 211 1202 Satin
241 1157 347 1220 parua
373 1159 427 1202 res
455 1143 506 1202 eet
532 1137 741 1221 uoluptatum
769 1139 803 1203 in
833 1139 904 1202 uita
937 1145 1036 1222 atque
1069 1140 1103 1204 in
1136 1147 1246 1207 aetate

835 1247 973 1330 acunda

117 1355 300 1440 Praequam
329 1352 417 1438 quod
444 1353 671 1420 molestumst?
704 1354 756 1419 Ita
778 1356 920 1440 quoique
943 1363 1191 1438 conparatumst
1212 1360 1246 1424 in

838 1469 949 1528 aetate
972 1464 1148 1546 hominum,

117 1573 168 1638 Ita
192 1573 242 1638 dis
266 1577 318 1637 est
342 1571 516 1657 placitum,
543 1569 749 1654 uoluptatem
776 1577 813 1636 ut
840 1591 970 1636 maeror
998 1593 1107 1639 comes
1136 1595 1248 1641 conse·

132 1691 138 1699 '
838 1686 967 1763 quatur,

115 1791 227 1874 Atque
251 1788 448 1855 incommodi
477 1789 551 1872 plus
579 1789 722 1872 malique
750 1787 825 1853 ilico
855 1789 955 1868 adsit,
978 1789 1056 1854 boni
1079 1791 1105 1854 ei
1129 1791 1249 1874 optigit

838 1897 926 1981 quid,
1197 1900 1249 1954 630

114 2009 199 2073 Nam
228 2027 290 2090 ego
318 2006 353 2071 id
382 2026 469 2070 nunc
497 2005 649 2089 experior
677 2005 773 2070 domo
803 2013 902 2088 atque
930 2006 1001 2088 ipsa
1029 2004 1068 2070 de
1097 2008 1247 2088 meede,

839 2115 916 2197 quoi
939 2114 1092 2197 uoluptas

114 2224 300 2308 Parumper
324 2223 448 2302 datast,
478 2223 554 2287 dum
581 2223 646 2286 uiri
672 2223 736 2288 mei
757 2220 837 2287 mihi
859 2227 1008 2306 potestas
1031 2222 1164 2288 uidendi
1186 2223 1249 2289 fuit

114 2334 257 2399 Noctem
278 2352 380 2396 unam
400 2330 513 2412 modo;
537 2337 636 2415 atque
659 2333 687 2396 is
711 2337 845 2414 repente
868 2330 952 2396 abiit
967 2351 988 2394 a
1004 2353 1056 2396 me
1075 2332 1152 2397 hinc
1170 2339 1248 2398 ante
1294 2313 1299 2326 ’

838 2439 953 2504 lucem.

115 2551 194 2616 Sola
218 2550 274 2615 hic
296 2548 376 2614 mihi
398 2547 514 2612 uideor
535 2568 631 2626 nunc,
655 2547 734 2631 quia
755 2546 810 2612 ille
832 2547 909 2611 hinc
931 2547 1040 2628 abest,
1064 2570 1161 2631 quem
1188 2570 1248 2632 ego

838 2676 911 2719 amo
934 2661 1068 2739 praeter
1090 2657 1204 2722 omnis.

113 2768 192 2833 Plus
213 2765 304 2849 aegri
322 2786 362 2830 ex
380 2764 473 2828 abitu
491 2764 556 2828 uiri
573 2785 671 2847 quam
688 2785 729 2828 ex
745 2763 892 2828 aduentu
904 2763 1084 2847 uoluptatis
1097 2766 1178 2848 cepi.
1198 2773 1249 2826 635

180 2873 247 2940 Sed
269 2873 332 2938 hoc
354 2894 405 2938 me
428 2872 507 2937 beat
529 2871 656 2950 saltem,
681 2894 780 2955 quom
802 2871 979 2954 perduellis

180 2982 271 3048 Uicit
294 2987 327 3046 et
350 2980 481 3045 domum
504 2980 610 3045 laudis
634 3001 755 3063 conpos
778 2981 916 3045 reuenit.

183 3091 223 3156 Id
247 3088 407 3155 solatiost.
441 3090 545 3168 Absit,
571 3089 647 3154 dum
671 3087 796 3172 [modo]
820 3088 916 3154 laude
940 3097 1038 3172 parta

182 3200 324 3265 Domum
352 3199 494 3282 recipiat
520 3219 570 3278 ee;
603 3195 709 3262 feram
739 3205 773 3263 et
799 3197 964 3282 perferam
991 3219 1094 3282 usque
1109 3197 1249 3262 abitum

683 3313 685 3318 '
840 3306 910 3370 eius
933 3307 1040 3371 auimo

182 3416 276 3482 Forti
298 3421 397 3500 atque
421 3413 593 3480 offirmato.
627 3413 666 3477 Id
688 3414 785 3480 modo
809 3415 836 3478 si
859 3413 1020 3479 mercedis
1197 3413 1250 3466 640

182 3526 291 3590 Datur
312 3524 400 3605 mihi,
423 3530 460 3588 ut
481 3544 573 3589 meus
596 3525 703 3588 uictor
724 3524 777 3587 uir
799 3522 877 3588 belli
901 3522 1018 3602 cluea't,
1189 3523 1193 3532 ’

184 3634 271 3700 Satis
293 3633 374 3700 mihi
396 3653 467 3698 esse
491 3631 618 3698 ducam.
652 3633 765 3698 Uirtus
788 3633 1001 3714 praemiumst
1024 3637 1208 3714 optumum

183 3742 295 3807 Uirtus
319 3741 468 3808 omnibus
491 3739 589 3806 rebus
612 3742 716 3807 anteit
737 3737 901 3823 profecto;

165 3849 343 3930 'Libertas
366 3849 464 3931 salus,
487 3851 567 3930 uita,
588 3871 645 3914 res
668 3855 702 3914 et
724 3854 888 3932 parentes,
912 3848 1022 3930 patria
1045 3852 1078 3911 et
1095 3847 1249 3930 prognati

183 3958 355 4038 Tutantur‚
380 3964 572 4038 seruantur;
1197 3953 1249 4006 645

185 4066 298 4132 Uirtus
322 4068 431 4134 omnia
453 4069 487 4132 in
510 4087 582 4132 sese
608 4064 724 4145 habet;
753 4065 862 4129 omnia
884 4063 1005 4128 adeunt
1025 4062 1127 4142 bona,
1151 4083 1249 4146 quem

838 4179 953 4256 penest
974 4173 1088 4237 uirtus.

117 4332 325 4340 .-.————..-—

189 4408 240 4462 630
257 4406 329 4474 Quin
347 4407 519 4462 incommodi
587 4407 639 4460 635
658 4422 739 4474 quem
809 4407 890 4475 coepi
947 4385 1011 4459 '640
1027 4403 1169 4458 mercedes
