2976 5056
606 458 639 513 v.
658 460 804 530 aro-‚ea
1209 465 1271 528 011

101 665 181 706 meae
208 653 388 728 serviunt,
413 654 559 716 castrabo.
585 684 623 694 -
648 655 721 714 236.
744 647 956 732 0009100100
977 653 1079 726 codd,
1104 673 1169 730 quse
1193 655 1274 734 apud

102 746 309 816 Ciceronem
344 761 481 818 constans
509 755 598 816 buius
626 775 689 816 voc.
717 756 814 815 forma
840 761 899 828 est,
928 753 1069 814 Plautina
1096 756 1188 839 1111000
1214 777 1275 816 000

100 849 260 929 videtum
288 878 368 917 nam
390 857 468 918 infra
492 859 552 918 739
572 858 684 932 legitur
704 878 810 936 ,quem
828 854 1061 936 syngraphum“.
1096 859 1172 916 795:
1201 860 1274 930 „sci-

101 957 174 1012 tum
206 957 466 1041 syngraphum“.
511 959 595 1038 Capt.
620 961 698 1048 4483
730 980 836 1036 ,quem
865 957 1106 1038 syngraphum?“
1154 958 1274 1019 Etenim

101 1075 177 1131 quae
201 1057 307 1138 apud
319 1062 439 1122 Graecos
457 1061 612 1123 dicebatur
631 1062 647 1134 ἡ
667 1065 837 1142 σύγγραφος,
860 1061 968 1120 Plauto
985 1062 1141 1121 masculini
1157 1064 1275 1140 generis

103 1156 196 1218 facta
224 1169 297 1236 est,
321 1170 357 1223 ut
376 1167 468 1240 σχῆμα
487 1165 632 1236 feminini,
650 1184 678 1230 y,
690 1163 800 1242 Amph.
821 1164 891 1223 117.
927 1162 1025 1235 Quare
1036 1163 1275 1224 Fleckeisenium

105 1264 217 1320 secuti
246 1261 473 1347 synprapbum
495 1267 674 1345 scripsimus.
710 1264 830 1344 Scripto
850 1285 918 1324 eum
936 1285 1040 1324 cavere
1057 1265 1148 1340 iubet,
1172 1267 1275 1344 quales

105 1379 141 1420 se
175 1383 259 1426 esse
294 1368 377 1428 velit.
406 1399 448 1408 —
479 1368 550 1426 238.
578 1363 748 1440 ,adlercto“
774 1366 860 1427 Bm.
884 1387 930 1447 pr.
954 1398 995 1408 —
1022 1369 1082 1428 239
1107 1389 1171 1448 sqq.
1195 1369 1274 1443 Haec,

109 1464 138 1520 si
165 1467 275 1527 codd.
300 1471 462 1548 sequimur,
486 1469 683 1547 Argyrippus,
706 1473 867 1548 postquam
887 1469 962 1528 ebiit
979 1470 1057 1543 lena,
1076 1471 1157 1530 solua
1175 1491 1276 1531 secum
1313 1515 1316 1520 ·

109 1565 284 1644 loquitur.
329 1570 477 1632 Lambino
499 1575 621 1630 auctore
649 1569 717 1630 edd.
741 1571 816 1631 duos
844 1573 962 1650 priores
989 1591 1093 1632 versus
1119 1572 1193 1630 1000
1221 1575 1275 1631 111-

113 1667 286 1746 buerunt3
316 1674 389 1732 mihi
416 1692 476 1732 non
504 1676 601 1732 minus
630 1672 705 1732 bene
734 1673 918 1732 adulescenti
944 1675 1101 1732 convenire
1123 1675 1275 1733 videntur.

117 1769 223 1844 Quod
254 1781 354 1836 autem
377 1795 445 1832 cum
466 1777 617 1852 portitore
648 1780 858 1854 comparantur
880 1776 991 1848 ianuae,
1014 1794 1074 1834 000
1097 1776 1181 1848 lena,
1205 1776 1276 1834 talis

121 1871 260 1934 incuria
281 1883 342 1936 tam
365 1876 504 1954 frequens
527 1877 608 1956 apud
630 1879 770 1956 antiquos
789 1882 844 1951 est,
863 1883 898 1936 ut
915 1877 1141 1936 admirationem
1157 1883 1277 1936 moveat

32 2001 37 2008 ·
119 1972 247 2034 Bothii
280 1979 405 2037 audacia
446 1977 627 2052 ,Portuum“
670 1980 837 2038 scribentis.
871 2009 914 2018 -
948 1980 1019 2038 242.
1055 1977 1097 2038 cf.
1128 1980 1199 2038 630.
1233 2009 1276 2018 -

125 2077 210 2140 243.
240 2075 366 2156 0101110,
391 2081 426 2140 cf.
451 2081 540 2140 Most.
566 2083 642 2140 341:
678 2083 817 2154 „summis
845 2081 953 2161 opibus
975 2087 1064 2158 atque
1087 2079 1275 2140 industriie“.

126 2177 331 2242 Adiectirum
364 2182 537 2256 „omnibus“
570 2184 651 2262 quod
679 2183 709 2242 h.
732 2184 752 2242 l.
783 2184 986 2258 desideratur,
1022 2183 1110 2241 alteri
1143 2182 1275 2242 membro

130 2283 280 2344 additur:
315 2289 416 2360 „omni
445 2283 564 2364 copia“.
587 2316 630 2326 -
654 2288 724 2346 244.
750 2281 970 2360 exobsecrabo,
994 2286 1040 2342 dn.
1064 2289 1133 2364 tay,
1154 2289 1276 2362 gravius

131 2390 186 2444 est
219 2407 306 2465 quern
337 2387 506 2447 obsecrabo.
534 2419 578 2429 -
605 2389 641 2448 01
668 2405 832 2467 quemque,
864 2389 899 2448 cf.
924 2388 962 2446 ad
984 2377 1091 2465 Amph.
1118 2389 1210 2448 1064.
1232 2417 1276 2427 -

136 2487 217 2548 245.
242 2491 359 2550 eertum
382 2491 429 2550 est
449 2486 536 2550 mibi.
570 2491 619 2551 Sic
642 2496 672 2550 01
695 2491 780 2550 codd.
797 2491 931 2550 Plautini
955 2497 985 2550 et
1002 2491 1119 2550 Nonius
1141 2511 1172 2566 p.
1198 2492 1275 2563 2263

137 2592 199 2650 sed
220 2594 336 2652 numeri
358 2592 490 2652 obstent.
524 2593 614 2652 Both.
636 2599 766 2670 tranep.:
794 2593 896 2666 „adire
920 2599 1034 2652 certum
1056 2595 1096 2654 mi
1120 2599 1166 2654 est
1188 2598 1277 2670 atque

139 2691 306 2799 expemrp“.
340 2694 539 2754 Fleckeisenii
561 2696 711 2772 ingenium
733 2717 789 2774 pro
817 2701 949 2770 „certum
968 2693 1030 2756 est“
1052 2695 1116 2756 8101
1132 2698 1276 2774 reposuit,

16 2803 17 2810 ’
139 2801 179 2852 01
198 2797 274 2874 Nep.
292 2797 384 2856 Attio.
406 2800 462 2870 21,
488 2801 520 2856 6:
554 2797 648 2870 „Nam
670 2798 743 2856 mihi
766 2804 826 2856 etat
850 2800 928 2858 alere
951 2799 1088 2858 morbum
1112 2797 1276 2858 desinere“.
1304 2823 1307 2832 ⁴

141 2895 204 2956 Nec
227 2901 292 2957 veri
314 2900 411 2958 simile
433 2905 495 2974 est,
518 2899 659 2958 Plautum
682 2920 716 2958 00
738 2901 898 2960 verborum
928 2904 1031 2980 inopia
1053 2901 1219 2975 laborasse,
1242 2907 1278 2960 ut

141 2997 190 3058 bis
217 3003 249 3060 10
278 3000 394 3059 duobus
422 3002 558 3060 versibus
583 3007 717 3076 „certum
740 3000 801 3060 est“
828 3009 966 3081 poneret.
991 3035 1032 3044 -
1057 3007 1128 3064 246.
1152 3004 1278 3064 mutuas

143 3117 206 3162 0011
232 3102 363 3178 potere,
398 3125 436 3164 00.
472 3125 588 3164 00111010
621 3105 730 3181 viginti
763 3107 868 3164 101000.
919 3105 1050 3164 Auditur
1082 3105 1206 3166 verbum
1241 3126 1277 3162 ex

146 3206 296 3282 sequenti,
326 3205 362 3265 ef.
387 3206 473 3284 Capt.
499 3209 577 3267 301:
616 3206 758 3280 ,Memini
793 3228 882 3283 quom
916 3208 996 3266 dicto
1026 3208 1108 3266 haud
1139 3206 1275 3280 audebat,

146 3307 223 3367 lacto
248 3329 327 3368 nunc
349 3308 450 3368 laedat
472 3306 573 3368 licet“.
618 3309 743 3370 Versum
768 3309 856 3370 affert
877 3309 992 3368 Nonius
1014 3331 1044 3388 p.
1070 3311 1130 3370 439
1154 3309 1202 3370 his
1225 3309 1277 3367 ad·
1320 3317 1323 3324 '

145 3410 231 3470 ditia:
266 3411 423 3494 ,Mutuum
446 3432 463 3470 a
485 3413 587 3471 fenore
609 3412 666 3472 hoc
690 3413 798 3486 distat,
823 3413 902 3492 quod
924 3415 1060 3472 mutuum
1083 3413 1145 3470 sine
1168 3412 1276 3484 usuris,

143 3514 228 3574 lenus
252 3535 319 3574 cum
342 3516 440 3574 usuris
463 3513 623 3574 sumitur“.

231 3823 303 3908 247.
332 3821 424 3881 Redit
445 3822 596 3896 Libanus,
627 3822 681 3882 sed
710 3822 843 3882 nondum
869 3823 993 3882 inventa
1020 3841 1080 3898 qua
1108 3841 1184 3899 opus
1214 3825 1279 3880 erat

145 3925 276 3998 fallacia,
301 3944 393 4001 quare
415 3923 609 3986 vehementer
631 3945 717 3984 suam
739 3927 804 4003 ipse
827 3925 994 3986 socordiam
1017 3925 1161 4001 increpat.
1206 3923 1278 3982 Haec

146 4047 263 4106 quoquc
292 4047 380 4086 00000
406 4028 571 4108 110011οἰ010
603 4029 781 4105 septenariis
815 4029 979 4106 composita
1007 4033 1128 4086 001-
1152 4028 1223 4085 248.
1247 4025 1278 4086 si

145 4131 191 4190 bic
224 4149 328 4190 versus
361 4135 442 4188 recte
475 4130 632 4205 scribitur,
666 4126 786 4208 firtyere
819 4129 956 4189 ultimam
988 4131 1140 4206 producit.
1192 4128 1278 4201 Quod

146 4253 237 4310 quum
258 4251 367 4312 parum
388 4234 453 4292 veri
476 4234 572 4292 simile
594 4233 764 4307 videretur,
794 4233 910 4312 antiqui
937 4233 1067 4292 editores
1093 4229 1159 4306 „te“
1186 4230 1277 4290 adde·

72 4323 74 4328 ’
144 4335 229 4407 bant,
253 4355 320 4412 quas
343 4355 402 4395 vox
423 4336 499 4396 mele
523 4335 664 4396 abundat.
709 4335 768 4394 Sed
790 4355 850 4394 non
874 4335 1084 4409 laborandum,
1108 4339 1134 4394 si
1157 4335 1278 4414 quidem

144 4439 209 4496 iure
231 4438 320 4496 Both.
342 4437 388 4497 Fl.
418 4437 529 4497 Mulier
555 4459 675 4498 versum
708 4458 764 4514 pro
798 4441 901 4517 spurio
928 4441 1094 4512 eiecerunt;
1125 4443 1171 4498 est
1200 4440 1279 4497 enim
