2956 5018
573 558 783 630 ΡΝῙΘΕΟΕΜ
1182 567 1243 628 149

110 752 190 812 inm
205 753 242 813 Μ
258 755 394 814 litteram
410 754 454 812 ia
468 755 611 829 variatur,
633 759 669 814 ut
689 755 747 815 1200
769 754 873 814 ordine
895 775 928 814 so
950 744 1100 834 excipiunt
1119 756 1242 818 abun:

109 852 273 932 Mercator,
296 857 492 931 Mostellaria,
514 858 613 932 Miles,
635 857 819 917 Menaechmi.

195 959 319 1032 Quanto
342 959 443 1019 studio
458 960 501 1019 ll.
516 961 611 1020 Varro
634 965 665 1020 et
687 965 804 1020 ceteros
826 963 934 1039 poetes
955 961 1087 1020 scenicos
1108 967 1140 1022 et
1155 963 1244 1024 Pleu·

107 1063 171 1118 tum
201 1061 362 1139 amplexus
390 1064 444 1136 sit,
471 1067 533 1122 tem
555 1084 593 1123 ex
613 1064 712 1123 titulis
733 1062 892 1137 librorum,
916 1064 968 1142 qui
990 1064 1142 1142 deperditi
1164 1070 1243 1140 sunt,

107 1181 199 1239 quam
223 1184 264 1222 ex
286 1163 323 1222 iis
347 1184 412 1241 quae
440 1171 543 1224 emant
569 1165 607 1225 de
632 1166 737 1242 lingua
757 1165 869 1226 Latina
894 1165 994 1240 libris,
1025 1171 1158 1242 constat,
1188 1187 1244 1228 neo

105 1266 296 1343 antiquitate
317 1267 422 1340 solum,
446 1267 499 1327 sed
520 1270 612 1327 etiam
633 1269 753 1346 ingenio
775 1273 874 1348 postue
898 1287 966 1326 eum
982 1267 1163 1330 delectatum
1180 1288 1246 1328 asse

105 1374 251 1444 apparet,
274 1371 387 1448 quippe
408 1388 497 1447 quem
522 1372 572 1444 ,in
589 1367 794 1430 sermonibus“
820 1375 935 1429 ceteros
952 1389 1093 1448 superare
1110 1376 1245 1432 censeret

106 1465 201 1542 (Non.
221 1489 254 1548 p.
274 1467 360 1545 373).
395 1471 499 1532 Cicero
518 1493 636 1551 qnoque
653 1492 745 1551 quum
761 1471 822 1530 duo
837 1473 988 1550 posuisset
1002 1472 1120 1531 iocandi
1135 1491 1246 1550 genera

107 1565 180 1643 (Off.
209 1576 241 1647 1,
265 1571 422 1649 29,104)‚
445 1595 537 1634 uuum
558 1575 722 1649 illiberale,
745 1575 898 1654 petulans,
921 1573 1119 1653 flagitiosum,
1143 1574 1244 1635 obsce·

105 1693 196 1750 num,
229 1676 358 1736 alterum
386 1676 519 1754 elegans,
548 1676 710 1750 urbanum,
744 1677 946 1756 ingeniosum,
979 1678 1124 1751 facetum,
1156 1676 1245 1736 huius

105 1779 285 1857 exemplum
312 1798 349 1837 ex
375 1777 483 1837 Plauto
515 1781 615 1856 petiit.
658 1778 819 1838 Diversum
847 1777 967 1838 Horatii
999 1779 1144 1838 iudicium
1176 1779 1243 1852 luit,

107 1881 162 1957 qui
185 1885 221 1940 et
242 1881 352 1939 stultos
374 1879 523 1958 appellat,
547 1882 599 1958 qui
620 1899 725 1940 versus
746 1885 778 1940 et
799 1882 923 1940 facetias
944 1882 1008 1940 eius
1029 1881 1190 1954 mirentur,
1214 1885 1246 1939 et

106 2001 311 2059 personarum
332 2001 431 2040 mores
453 2001 521 2041 eum
542 2003 649 2060 parum
671 1982 833 2058 diligenter
853 1985 934 2042 tueri
956 1982 1030 2042 dicit
1052 1979 1120 2061 (Ep.
1139 1981 1243 2042 inPis.

109 2083 174 2144 270
200 2105 267 2162 sqq.
290 2083 348 2162 Ep.
370 2083 415 2157 H,
442 2085 475 2158 l,
501 2081 585 2159 1⁷0).
629 2083 698 2144 Non
723 2084 848 2143 multum
871 2083 1011 2144 dissentit
1032 2083 1244 2158 Quintilianus,

108 2186 160 2243 eui
189 2187 243 2244 vix
270 2186 366 2244 levem
392 2187 529 2245 umbram
556 2185 667 2246 Graeca
695 2188 851 2262 elegantia
877 2186 1005 2246 Romani
1038 2186 1142 2246 comici
1175 2183 1265 2244 con?
1325 2167 1329 2176 ¹

109 2289 209 2346 monti
232 2307 298 2346 esse
320 2287 500 2372 videbantur
522 2283 573 2361 (X,
594 2284 706 2361 1‚99).
740 2287 799 2347 Hic
813 2307 885 2347 vero
903 2308 994 2366 quum
1012 2289 1121 2365 spretis
1143 2306 1246 2346 recen·

110 2389 243 2449 tioribns
256 2389 429 2450 Ciceronem
447 2391 625 2449 imitandum
647 2409 710 2448 esse
733 2390 894 2464 docuisset,
917 2391 1012 2450 secuti
1033 2394 1113 2462 sunt,
1136 2388 1245 2466 quihus

110 2509 150 2550 ne
172 2491 278 2551 Cicero
306 2491 429 2571 quidem
456 2493 521 2568 ipse
547 2494 622 2550 satis
654 2511 749 2570 purus
782 2497 814 2551 et
845 2493 966 2567 elegans
998 2491 1161 2551 videretur.
1205 2489 1246 2549 Hi

112 2595 309 2672 antiquorum
338 2594 558 2672 simplicitatem
585 2595 673 2652 unice
696 2593 835 2652 admirati
856 2593 1046 2667 Sallustium,
1070 2591 1245 2666 Gracchum,

113 2691 261 2754 Catonem
287 2695 378 2756 etiam
406 2701 581 2773 veteresque
610 2697 737 2754 comicos
758 2694 997 2768 aemulabantur,
1011 2694 1152 2754 Plautum
1173 2713 1245 2753 vero

112 2795 147 2855 iu
168 2796 285 2858 deliciis
312 2797 476 2872 hebebant,
506 2799 559 2874 qui
586 2795 685 2856 Gellio
714 2797 834 2875 quidem
863 2796 1041 2871 „verborum
1067 2796 1247 2855 Latinorum

115 2896 372 2983 elegantissimus“
408 2899 529 2959 videtur
561 2903 593 2957 et
628 2899 733 2972 ,horno
765 2899 876 2974 lingue
909 2904 1000 2977 atque
1030 2897 1187 2974 elegantias
1214 2899 1247 2956 in

114 3000 215 3060 verbis
237 2999 356 3059 Latine
377 2998 547 3079 princeps“.

200 3102 317 3162 Eadem
338 3107 425 3162 aetate
446 3104 557 3162 vixisse
574 3101 715 3161 videntur
732 3102 928 3179 grammatici,
952 3102 1004 3178 qui
1025 3106 1247 3176 argumenta

115 3203 285 3264 fabularum
306 3204 443 3263 versibus
466 3204 504 3263 ad
525 3203 626 3263 Plauti
655 3204 807 3280 exemplar
828 3204 914 3264 fectis
938 3205 1131 3280 scripserunt.
1175 3201 1248 3262 Haeo

115 3309 195 3366 euim
217 3311 280 3365 tam
302 3307 413 3364 similia
434 3309 504 3364 sunt
524 3306 674 3383 periochis
696 3307 877 3382 Vergilianis
900 3310 931 3364 et
952 3305 1156 3378 Terentianis,
1180 3323 1246 3384 que

116 3409 282 3486 Sulpicium
304 3408 510 3486 Apollinarem
532 3407 804 3486 Carthaginiensem
826 3413 978 3468 auctorem
999 3406 1189 3486 profitentur,
1212 3412 1248 3465 ut

115 3529 177 3570 non
205 3516 319 3569 temere
345 3508 528 3569 Ritschelius
561 3506 711 3588 (Prolegg.
739 3511 873 3570 Trinum.
903 3531 933 3588 p.
959 3512 1019 3569 317
1047 3504 1106 3584 sq.)
1140 3507 1247 3566 horum

117 3632 237 3690 quoque
260 3611 365 3670 saltem
387 3612 512 3670 alteram
534 3613 640 3672 seriem
663 3613 760 3672 eidem
782 3611 962 3672 adtribuisse
983 3611 1132 3670 videatur.
1171 3608 1248 3667 Nam

116 3721 153 3774 ut
178 3713 319 3774 AEneidis
351 3712 498 3773 librorum
528 3715 714 3788 singulorum
742 3717 917 3792 argumenta
950 3713 1030 3771 senis
1057 3711 1247 3786 hexametris,

117 3816 366 3876 Terentienarum
387 3814 555 3874 fabulamm
578 3814 723 3876 duodenis
745 3818 880 3888 senariis,
899 3815 943 3872 ita
958 3813 1057 3873 Plauti
1078 3812 1249 3872 fabularum

120 3923 294 3995 argumenta
314 3919 525 3994 grammaticus
547 3916 706 3995 quindenis
728 3919 852 3977 senariis
875 3915 1046 3992 complexus
1070 3921 1117 3975 est
1138 3921 1249 3993 preter

120 4021 376 4100 Amphitryonem,
400 4021 484 4078 cuius
504 4019 648 4096 periocha
665 4019 765 4079 decem
785 4035 923 4078 somnum
940 4013 1032 4092 est*).
1066 4016 1126 4078 Sed
1142 4016 1248 4076 horum

145 4267 171 4336 *i
188 4267 279 4322 Huius
297 4265 494 4336 discrepantia
513 4283 576 4334 quse
595 4284 678 4321 csusa
696 4268 745 4335 sit,
763 4283 816 4337 pro
834 4269 912 4320 certo
935 4265 1059 4322 iudicare
1076 4283 1134 4320 non
1150 4283 1249 4336 possu-

186 4369 258 4406 mus.
295 4349 376 4417 Qnod
397 4351 568 4406 Ritschelius
594 4349 631 4421 (p.
650 4354 701 4407 818
722 4351 792 4419 not)
818 4351 979 4421 suspicatur
1004 4357 1127 4421 quinque
1152 4366 1248 4406 versus

187 4435 373 4505 intercidisse,
390 4437 506 4491 minime
523 4435 659 4490 credibile
676 4441 726 4504 est,
744 4453 810 4491 nam
826 4436 898 4492 nihil
912 4436 1094 4492 desideretur.
