2960 5038
247 517 309 576 212
703 507 914 578 Prolegomena

332 705 500 764 Geminatio
530 703 663 762 eiusdem
692 705 816 776 vocalis,
846 725 905 781 qua
932 704 1010 762 idem
1037 723 1128 764 sonus
1157 707 1311 764 continuo
1341 703 1388 760 bis

246 810 507 887 pronuntiaretur,
536 806 712 865 Latinorum
741 827 828 864 aures
855 837 898 846 -
926 809 997 866 item
1030 812 1065 865 ut
1098 812 1215 866 nostras
1243 837 1297 846 -
1326 825 1388 862 non

246 912 322 970 nihil
343 910 528 982 offendebat,
552 929 677 986 eamque
698 909 873 987 plerumque
901 911 1104 968 contractione
1133 909 1264 968 duarum
1297 929 1387 968 voca-

246 1015 320 1072 lium
350 1010 503 1089 (syniuesi)
539 1013 701 1070 evitabant.
746 1013 875 1071 Maxime
907 1009 921 1070 i
952 1013 1064 1070 vocalis
1097 1011 1155 1070 sibi
1187 1011 1319 1083 insidit,
1355 1015 1390 1066 ut

247 1119 440 1192 antiquorum
466 1115 555 1174 modo
583 1115 750 1192 loquamur.
796 1115 843 1174 Sic
871 1116 963 1187 iaoio,
992 1115 1043 1174 ubi
1072 1135 1137 1174 cum
1160 1115 1388 1192 praepositione

247 1219 395 1294 iungitur,
419 1219 475 1274 ioio
497 1215 533 1275 fit
556 1215 681 1290 (adioio,
705 1219 794 1290 eicio,
819 1213 905 1291 eet.);
935 1219 976 1276 sic
1004 1237 1060 1294 pro
1083 1216 1228 1288 audiisse,
1252 1217 1388 1293 periisse

247 1320 386 1378 dicebant
408 1319 540 1392 audisse,
564 1322 691 1396 perisse;
715 1321 756 1378 sic
779 1321 909 1395 genetivi
931 1322 1086 1380 nominum
1109 1321 1140 1378 in
1160 1313 1213 1378 isat
1235 1323 1294 1377 aut
1317 1314 1388 1375 ium

247 1426 417 1482 exeuntium
447 1423 552 1482 saltem
581 1442 674 1498 usque
697 1421 734 1480 ad
756 1423 885 1500 Augusti
911 1427 1030 1481 aetatem
1052 1421 1180 1499 simplici
1202 1419 1215 1482 i
1235 1421 1387 1480 termina·

247 1525 357 1583 bantur
380 1523 450 1599 (fili,
475 1526 581 1602 imperi
604 1519 684 1597 etc).
729 1524 787 1582 Sed
816 1525 905 1582 etiam
933 1527 964 1583 in
993 1526 1060 1584 aliis
1082 1525 1234 1584 nominum
1258 1530 1294 1582 et
1316 1542 1385 1580 ver-

246 1628 353 1686 borum
373 1629 491 1700 formis,
516 1628 567 1686 ubi
590 1633 769 1685 concurrant
791 1627 849 1685 duo
871 1625 899 1700 a',
922 1627 1074 1686 interdurn
1096 1629 1144 1686 vel
1166 1629 1313 1706 antiquus
1337 1625 1385 1684 vel

247 1730 379 1805 vulgaris
411 1749 507 1788 sermo
540 1737 701 1806 utrumque
736 1731 902 1804 coniungit,
932 1734 967 1787 ut
994 1731 1026 1788 in
1053 1729 1154 1789 dativo
1183 1736 1214 1788 et
1243 1730 1384 1788 ablativo

247 1833 372 1911 pluralis
394 1833 447 1891 Dis
474 1852 529 1909 pro
558 1832 624 1890 Diis
652 1832 733 1890 omni
761 1833 842 1890 aetati
870 1831 1017 1890 familiare
1045 1838 1100 1891 est.
1145 1833 1214 1892 Alia
1241 1829 1384 1908 exempla

247 1935 382 2011 prebent
414 1937 625 2012 inscriptiones
657 1937 804 2011 antiquae,
839 1939 874 1992 ut
910 1933 1143 2006 ,controversis“
1175 1934 1382 1994 Minuciorum

247 2039 402 2110 sententia,
426 2037 499 2096 0.1.
522 2039 590 2110 199,
611 2039 660 2109 45,
688 2035 854 2108 ,coloneis“
879 2055 935 2114 pro
958 2037 1083 2096 coloniis
1101 2037 1165 2096 Lex
1181 2037 1259 2096 Iulia
1281 2036 1381 2094 muni·

247 2140 352 2217 cipalis
374 2141 493 2216 saepius.
526 2139 642 2196 Ibidem
666 2135 710 2212 (G.
728 2139 752 2196 l.
777 2139 848 2211 206,
873 2135 905 2211 3)
933 2140 1044 2211 „isdem
1067 2139 1201 2199 diebus“.
1235 2140 1272 2198 In
1290 2139 1381 2198 Plau·

247 2243 319 2300 tinia
342 2241 494 2301 codicibus
516 2241 667 2300 interdum
693 2237 753 2314 ,is“
779 2259 834 2317 pro
858 2241 894 2299 iis
917 2247 1008 2316 extat,
1032 2248 1068 2300 ut
1088 2243 1197 2321 Amph.
1218 2243 1268 2301 92.
1293 2240 1378 2300 Asin.

248 2337 357 2417 434*).
395 2344 491 2422 Vulgo
518 2341 647 2420 ,gratis“
674 2343 830 2402 dicebatur
851 2362 907 2419 pro
930 2346 1044 2421 gratiis,
1069 2352 1100 2404 et
1121 2347 1173 2404 illa
1194 2345 1293 2404 forma
1315 2342 1379 2419 ple·

246 2467 371 2522 rumque
394 2447 425 2504 in
447 2446 532 2505 codd.
551 2446 697 2505 Plautinis
721 2451 813 2504 extat.
847 2445 979 2504 Metram
1002 2468 1065 2506 eam
1088 2453 1191 2507 tuetur
1204 2445 1291 2525 Capt.
1306 2444 1377 2514 406,

249 2553 279 2608 at
300 2549 427 2607 fortasse
449 2549 557 2625 Amph.
584 2550 642 2608 162
671 2545 849 2624 „ingratis“;
877 2550 910 2606 in
933 2551 1040 2608 ceteris
1064 2550 1201 2610 omnibus
1221 2549 1326 2608 Plauti
1349 2549 1380 2602 et

248 2651 382 2708 Terentii
404 2650 476 2710 locis
499 2657 626 2710 metrum
645 2650 776 2710 ostendit
792 2651 981 2727 trisyllabum
998 2653 1177 2712 vocabulum
1196 2645 1267 2710 'essa
1300 2650 1377 2708 Item

247 2753 442 2830 inperfectis
471 2761 584 2830 quartas
613 2755 831 2829 coniugationis
859 2755 1008 2814 interdum
1032 2754 1090 2814 duo
1112 2750 1126 2813 ὁ
1148 2753 1377 2821 contrabuntur,

248 2861 282 2914 ut
318 2853 416 2928 ,exit“
453 2855 518 2916 Mil.
549 2857 619 2914 378.
649 2857 722 2914 418.
755 2856 837 2915 Asin.
867 2858 944 2928 392,
979 2857 1032 2914 ubi
1069 2853 1194 2930 „rediit“
1230 2857 1377 2933 scriptum

249 2961 339 3030 extat,
367 2955 482 3029 ,redit“
508 2957 772 3035 pronuntiandum.
813 2959 856 3018 cf.
880 2958 969 3016 Luor.
992 2957 1046 3031 111,
1073 2960 1171 3018 1042:
1198 2958 1282 3036 ,Ipse
1305 2955 1377 3033 Epi·

249 3079 336 3118 curus
366 3058 459 3134 obit“,
483 3060 534 3118 ubi
555 3061 616 3118 vid.
635 3061 754 3120 Mauro.
799 3060 830 3119 Si
857 3062 888 3118 in
917 3061 1062 3120 eiusmodi
1090 3061 1194 3120 formis
1222 3060 1288 3118 duos
1319 3057 1376 3134 syl·

248 3161 336 3220 laba¹
356 3165 557 3239 pronuntiata
591 3168 675 3236 sunt,
709 3163 868 3222 verisimile
897 3169 943 3220 est
970 3171 1128 3241 utramque
1156 3163 1289 3223 vocalem
1319 3181 1377 3220 non
1462 3153 1463 3162 ¹

247 3284 371 3342 prorsus
394 3265 520 3324 eundem
547 3285 654 3324 sonum
677 3265 828 3338 babuisse;
852 3286 906 3325 nec
929 3268 1046 3343 antiqui
1067 3266 1124 3324 boc
1146 3287 1207 3325 non
1229 3266 1375 3342 exprime-

247 3367 329 3440 bant,
353 3366 404 3425 ubi
426 3387 482 3445 pro
505 3369 594 3443 longa
617 3371 627 3426 i
650 3365 680 3427 ei
702 3367 874 3440 scriberent,
899 3387 965 3444 quae
988 3370 1139 3446 scriptura
1156 3371 1187 3426 et
1202 3370 1233 3426 in
1250 3369 1376 3443 inscrip-

248 3469 382 3528 tionibus
415 3489 492 3546 saepe
526 3472 656 3528 occurrit
689 3475 720 3528 et
751 3471 901 3529 interdum
929 3473 961 3529 in
988 3470 1137 3529 Plautinis
1165 3470 1266 3543 codd,
1293 3469 1376 3528 velut
1462 3499 1463 3550 3

251 3570 349 3646 „eire“
380 3574 515 3649 preire,
543 3569 607 3646 „ei“
632 3592 687 3649 pro
709 3574 734 3646 i,
762 3573 855 3632 Mero.
880 3575 938 3632 521
962 3574 1004 3632 A:
1032 3570 1188 3647 ,redieit“.
1233 3571 1281 3631 Ad
1310 3588 1375 3649 quae

249 3676 383 3752 exempla
410 3676 462 3753 qui
490 3677 579 3734 etiam
611 3673 768 3752 ,gratieis“
801 3681 832 3734 et
859 3676 970 3734 similia
1001 3676 1131 3734 scribere
1158 3675 1245 3749 velit,
1274 3691 1374 3754 repre·
1462 3659 1463 3680 ¹

273 3873 299 3941 ⁸)
317 3874 351 4011 {a
369 3869 664 4011 'prinumxlgVIAfflW
687 3871 851 4010 babettpro
874 3871 916 3969 ii,
929 3871 965 3926 ad
992 3889 1074 3942 quem
1087 3873 1195 3970 'locum
1211 3871 1320 3969 Ritsch.
1347 3872 1374 3924 in
1462 3941 1463 3964 1

317 3975 500 4096 aaziae.
517 4059 601 4111 q...
619 3974 1223 4112 a.”alleluiis,ababtibus
1240 3975 1272 4110 1¹1⁰
1272 3973 1374 4110 &lit

318 4126 372 4195 dei,
392 4127 460 4196 deis,
479 4131 512 4181 ut
530 4127 569 4194 ei,
588 4128 627 4182 cis
646 4133 753 4182 veteres
772 4127 952 4197 probarunt“.
970 4130 1054 4184 -In
1073 4127 1099 4182 S.
1120 4127 1147 4182 0.
1167 4127 1202 4182 de
1219 4128 1374 4182 Bacchana·
1462 4159 1463 4162 =

316 4211 390 4265 libus
410 4209 500 4286 ,eeis‘fl
518 4213 658 4280 scribitur,
677 4213 707 4267 in
725 4213 834 4282 legibus
852 4215 974 4283 proximi
991 4213 1087 4268 saeculi
1105 4213 1241 4281 (Antonia
1259 4212 1294 4267 de
1311 4213 1372 4267 Ter·

317 4296 468 4366 mensibus,
487 4295 596 4352 Rubria
614 4298 648 4351 de
667 4296 757 4352 Gallia
775 4299 918 4369 cisalpina,
936 4300 1009 4354 Iulia
1026 4297 1200 4369 municipali)
1219 4298 1312 4368 „ieis“.
