2992 5054
109 525 145 590 ΙΙ,
161 527 187 591 2,
200 525 303 578 66-50
484 573 490 586 ,
589 523 759 592 Amphitruo

560 712 799 796 Amphitruo

111 821 294 888 Grauidam
318 841 379 903 ego
401 819 500 884 illanc
522 820 575 885 hio
598 821 726 905 reliqui,
750 843 848 904 quom
871 822 963 888 abeo.

622 951 737 1018 Sosia

961 1039 1010 1119 Ei,
1032 1041 1114 1122 perii
1137 1040 1243 1105 miser.

564 1145 801 1230 Amphitruo

109 1232 198 1312 Quid
222 1233 339 1298 tibist?

622 1339 739 1405 Sosia

353 1449 404 1513 Ad
427 1469 547 1532 aquam
569 1448 792 1532 praebendam
817 1451 1023 1517 commodum
1046 1449 1165 1516 adueni
1188 1449 1245 1514 do-

467 1654 471 1662 .
834 1580 932 1638 mum,

109 1665 261 1730 Decumo
285 1670 360 1749 post
382 1687 501 1746 meuse,
525 1672 562 1731 ul
583 1667 747 1730 rationem
770 1672 802 1731 te
825 1672 943 1750 putare
966 1666 1132 1750 intellego.

563 1795 803 1881 Amphitruo

107 1881 204 1948 Bono
230 1882 341 1946 animo
364 1903 407 1948 ee.

625 1990 740 2056 Sosia

339 2098 414 2164 Scin
438 2120 537 2182 quam
559 2097 646 2164 bono
669 2101 776 2166 animo
800 2100 885 2166 sim?
907 2100 940 2166 Si
963 2101 1096 2166 situlam
1119 2122 1247 2186 cepere,

108 2209 301 2292 Numquam
330 2205 448 2290 edepol
476 2213 513 2272 lu
540 2207 620 2272 mihi
648 2209 751 2274 diuini
780 2206 994 2304 [quicquam]
1014 2209 1144 2296 creduis
1171 2216 1248 2290 post

835 2317 922 2382 huno
948 2317 1043 2398 diem,
1196 2327 1248 2379 666

109 2425 151 2490 Ni
175 2445 242 2508 ego
265 2425 314 2490 illi
338 2433 451 2509 puteo,
475 2425 503 2489 si
526 2445 679 2508 oooepm,
702 2427 844 2491 animam
865 2447 994 2490 omnem
1016 2427 1246 2492 intertraxero.

512 2645 514 2649 Ι
566 2555 804 2642 Amphitruo

112 2665 262 2750 Sequere
281 2665 346 2730 hae
363 2688 413 2730 me
431 2664 544 2746 modo;
567 2665 667 2730 alium
685 2685 745 2746 ego
762 2665 815 2729 isli
834 2665 882 2729 rei
899 2664 1077 2747 adlegab03
1100 2687 1141 2730 ne
1158 2666 1246 2730 lime.
1269 2653 1272 2660 ¹

112 2774 221 2856 Magis
244 2794 333 2838 nuno
354 2795 403 2838 me
425 2795 532 2839 meum
555 2772 697 2838 officium
720 2771 843 2852 faeere,
874 2773 902 2838 oi
929 2773 1006 2838 huie
1034 2761 1106 2838 eam
1128 2774 1247 2838 aduor-

467 2867 469 2873 ’
838 2903 919 2961 sum,
944 2882 1097 2947 arbitror.

112 2991 313 3076 Amphitruo
336 3013 471 3056 uxorem
494 2989 617 3056 salutat
639 2990 746 3054 laetus
770 2996 937 3073 speratam
960 3011 1062 3068 suam,

114 3100 221 3177 Quam
247 3101 391 3170 omnium
403 3099 524 3164 Thebis
542 3099 593 3163 uir
609 3119 709 3163 unam
726 3119 797 3164 esse
815 3105 982 3182 optumam
1005 3097 1173 3178 diiudicat,
1197 3108 1249 3159 670

115 3208 288 3292 Quamque
312 3209 394 3274 adeo
419 3209 507 3272 ciues
530 3206 678 3272 Thebani
700 3227 780 3271 uero
802 3207 998 3272 rumiferant
1020 3207 1167 3290 probam.

115 3315 303 3382 Ualuistine
326 3318 454 3402 usque?
475 3315 683 3400 Expectatun
706 3315 867 3380 aduenio?

487 3479 501 3493 »
627 3444 743 3510 Sosia

892 3531 989 3595 Haud
1011 3531 1080 3597 uidi
1102 3535 1214 3615 magis.

117 3639 367 3726 [Expeelatum3
380 3664 454 3707 eum
463 3641 586 3708 salutat
597 3641 700 3722 magis
712 3639 800 3704 haud
812 3641 984 3725 quisquam
996 3662 1094 3725 quam
1107 3641 1246 3725 canem]

566 3747 804 3832 Amphitruo

119 3858 160 3922 Et
176 3880 277 3942 quom
294 3858 467 3940 grauidam
483 3863 517 3922 et
534 3878 633 3941 quom
648 3862 682 3922 te
695 3856 809 3940 pulcre
821 3856 951 3940 plenam
964 3857 1096 3942 aspicio,
1109 3858 1246 3941 gaudeo.

577 3963 794 4030 Alcumena

121 4073 264 4140 Obsecro
288 4081 427 4154 eeaslor‚
450 4073 529 4159 quid
551 4081 589 4139 tu
610 4095 662 4138 me
685 4073 859 4138 deridiculi
881 4076 989 4157 gralia
1196 4075 1247 4128 675

187 4247 237 4300 661
255 4247 333 4301 illam
368 4264 451 4315 quam
468 4247 558 4300 habeo
607 4247 658 4299 666
676 4244 782 4298 dictare
829 4245 880 4296 664
898 4244 1011 4298 situlam
1030 4245 1085 4298 iam
1134 4246 1185 4300 666
1204 4227 1248 4300 oo·

122 4337 203 4399 oeplo
258 4333 310 4386 667
327 4332 451 4401 alligabo
508 4333 559 4385 668
577 4349 622 4385 me
640 4347 690 4386 om.
735 4329 839 4384 laceror
856 4329 922 4382 huic
982 4331 1032 4384 671
1052 4347 1180 4384 uerorum
1199 4331 1247 4383 mi·

123 4413 206 4470 licant
256 4421 307 4472 674
325 4436 407 4486 quom
426 4423 454 4471 le
472 4418 617 4487 grauidam
