2992 5054
112 529 138 596 Ι,
152 533 177 596 1,
189 531 328 584 tvl-294
597 527 775 598 Amphitruo.

575 719 801 786 Mercurius

115 826 207 907 Quid
228 827 339 894 nuno?
360 827 500 892 uinoone
523 827 734 912 argumentis,
757 833 790 894 te
812 849 878 893 non
901 849 971 894 esse
995 826 1143 894 Sosiam?

631 934 744 1002 Sosia

114 1045 169 1110 Tu
191 1063 291 1127 negas
313 1045 389 1110 med
411 1045 507 1110 esse?

575 1153 799 1220 Mercurius

507 1262 593 1340 Quid
610 1283 670 1345 ego
686 1263 721 1326 ni
731 1283 858 1345 negem,
871 1261 927 1347 qui
939 1266 1068 1344 egomet
1078 1259 1182 1326 siem?
1199 1269 1252 1322 430

410 1455 414 1462 Ι
629 1369 745 1437 Sosio

116 1479 185 1544 Per
207 1477 320 1544 Iouem
341 1480 413 1545 iuro
436 1479 511 1545 mod
534 1499 605 1544 esee
627 1500 734 1562 neque
756 1499 808 1544 me
829 1477 949 1544 fulsum
971 1479 1091 1544 dicere.

172 1655 175 1660 ,
575 1588 801 1654 Mercurius

118 1696 164 1761 At
187 1715 248 1778 ego
271 1716 330 1780 per
351 1697 550 1762 Mercurium
573 1697 655 1776 iuro,
678 1696 741 1761 tibi
763 1696 876 1762 Iouem
898 1717 964 1760 non
987 1695 1137 1775 eredere;

118 1805 207 1871 Nom
227 1806 372 1872 iniurato
395 1806 463 1871 seio
486 1807 561 1890 plus
583 1805 696 1870 credet
717 1803 797 1870 mihi
818 1825 917 1888 quem
938 1804 1047 1894 impio
1069 1802 1140 1868 tibi.

631 1913 747 1979 Sosia

119 2021 201 2101 Quis
224 2043 284 2105 ego
307 2043 379 2088 eum
401 2021 528 2103 saltem,
552 2022 580 2088 si
601 2042 668 2087 non
690 2043 762 2088 sum
785 2021 903 2089 Sosia?
924 2027 957 2087 te
979 2022 1162 2104 interrogo:

576 2130 800 2198 Mercurius

117 2238 187 2306 Ubi
211 2257 271 2322 ego
294 2237 389 2305 Sosia
410 2239 511 2305 nolim
534 2259 614 2320 esse,
636 2245 675 2304 tu
697 2245 769 2306 esto
791 2259 869 2304 saue
892 2237 1000 2320 Sosia;
1200 2237 1252 2294 43⁶

118 2347 217 2413 Nune
239 2348 370 2433 quando
393 2367 452 2431 ego
476 2369 556 2429 sum,
580 2347 762 2432 uapulebiu
786 2349 821 2413 ni
842 2347 918 2414 hino
941 2347 1020 2428 abio,
1042 2346 1205 2429 ignobilis.

631 2455 747 2523 Sosia

120 2566 221 2633 Certo
243 2565 376 2650 edepol,
404 2588 503 2652 quom
529 2565 622 2634 illum
651 2565 838 2650 contemplo
867 2570 900 2630 et
926 2563 1066 2630 formem
1089 2585 1251 2649 oognosoo

839 2694 954 2754 meam,

119 2785 226 2863 Quem
249 2782 291 2848 od
313 2783 446 2849 modum
469 2803 528 2866 ego
551 2805 622 2850 eum
643 2817 687 2830 -·
707 2803 807 2868 saepe
828 2784 863 2848 in
879 2783 1049 2867 speculum
1064 2783 1192 2866 inspexi
1208 2819 1252 2830 —

333 2906 338 2913 '
840 2893 937 2957 nimis
959 2891 1114 2956 similis’st
1136 2893 1209 2958 mei.

119 2999 240 3066 Itidem
250 2997 353 3065 habet
362 3007 513 3085 petasum
525 3021 565 3066 oo
576 3001 748 3082 uestitum3
765 3007 834 3065 tom
851 3001 1047 3066 consimiliet
1064 3007 1164 3086 utque
1178 3021 1249 3083 ego,

120 3111 214 3189 Sura,
236 3129 303 3192 pes,
326 3114 462 3190 statura,
485 3116 608 3190 tonsus,
632 3109 729 3189 oouli,
752 3130 877 3189 nusum,
900 3109 954 3174 uel
977 3108 1080 3188 labra,
1197 3119 1250 3173 440

119 3218 240 3298 Malae,
263 3221 418 3298 mentum,
441 3217 553 3298 barbo„
577 3219 696 3284 collus:
719 3223 818 3284 totus.
853 3216 939 3295 Quid
960 3217 1070 3283 uerbis
1093 3219 1212 3304 opust?

121 3329 156 3394 Si
177 3333 306 3409 tergum
328 3327 567 3406 oiootrioosum,
590 3325 672 3392 nihil
693 3327 756 3392 hoo
779 3326 909 3393 similist
931 3326 1078 3393 similius.

121 3435 187 3502 Sed
209 3457 309 3518 quom
332 3435 449 3516 cogite,
474 3435 626 3518 equidem
649 3441 740 3501 certo
763 3435 850 3502 idem
873 3457 945 3501 sum
967 3437 1023 3519 qui
1046 3456 1176 3520 semper
1191 3435 1248 3502 fui.
1307 3426 1311 3437 ’

119 3545 206 3610 Noui
229 3565 329 3624 erum,
351 3545 429 3609 noui
452 3544 542 3610 aedis
565 3550 709 3625 nostram
732 3565 810 3610 sane
833 3546 926 3629 sapio
950 3551 983 3610 et
1004 3545 1119 3610 sentio.

120 3653 194 3719 Non
217 3673 278 3736 ego
301 3651 350 3718 illi
373 3659 563 3737 optempero
578 3654 675 3738 ¹quod
697 3654 858 3739 loquitur;
880 3652 1018 3738 pultabo
1040 3649 1132 3724 forie.
1198 3661 1250 3715 445

573 3785 798 3851 Mercurius

121 3871 192 3948 Quo
215 3869 286 3952 egio
307 3869 364 3934 te?

629 3977 744 4045 Sosia

379 4086 529 4151 Domum.

187 4343 241 4396 430
256 4357 302 4396 mo
320 4341 355 4396 de
374 4357 434 4396 esse
494 4343 546 4397 487
564 4344 704 4412 quomodo
765 4347 817 4400 489
834 4346 980 4401 oonsimile
999 4350 1042 4400 eet
1087 4303 1154 4400 Ι441
1174 4345 1250 4400 Molo

120 4433 261 4482 omentum
316 4427 420 4482 oollum
489 4431 540 4483 442
558 4429 648 4484 simile
666 4436 708 4484 eu
777 4433 827 4486 44³
845 4431 986 4500 quomodo
