2960 5038
565 494 598 550 V.
617 497 761 552 cto-cm.
1167 505 1228 566 271

79 687 155 748 cist.
185 691 273 749 191:
302 689 362 762 „Ut
383 695 454 750 sunt
474 689 635 750 hcmcus“.
669 691 759 767 Epid.
778 693 854 752 720:
882 690 990 764 „Solve
1012 691 1113 752 aane“.
1148 693 1229 755 Poen.

81 791 184 849 1059:
216 792 323 866 „Quid
339 789 422 852 eis‘?“
455 793 610 854 miltes:
637 794 799 871 „Aperitur
814 791 919 854 foris“.
952 795 1029 854 737:
1050 794 1231 868 „Nunciam

77 893 148 952 istis
171 895 277 968 rebus
299 895 406 954 desisti
427 893 542 954 decet“.
576 895 653 954 Nam
668 894 796 956 Bitschl.
816 901 929 956 temere
948 897 994 956 his
1018 897 1136 956 duobus
1158 899 1232 958 locis

77 994 211 1056 lacunas
237 999 363 1057 statuit.
396 996 517 1056 Terent.
536 996 613 1056 Eun.
632 999 703 1056 545.
737 996 836 1057 Etiam
855 998 964 1060 Heaut.
984 999 1023 1058 65
1047 1005 1117 1058 ante
1143 1020 1231 1077 „pm-
1344 1026 1349 1034 ·

77 1095 174 1156 inde“
212 1100 438 1178 expectabatur
468 1097 556 1174 „scd“
588 1106 640 1160 aut
674 1121 726 1173 „ac
754 1101 883 1160 tamen“.
912 1131 955 1142 -
984 1103 1055 1162 351.
1079 1098 1233 1179 accipiere

77 1197 170 1277 fere.
201 1203 488 1280 frequentissima
516 1202 598 1280 apud
620 1202 759 1262 Plautum
789 1200 867 1282 saxo
899 1223 966 1262 cum
1000 1204 1096 1266 altero
1129 1206 1232 1266 futuro

78 1302 255 1364 indicativi
276 1306 427 1382 iungitur,
450 1309 486 1362 ut
507 1304 563 1364 hoc
587 1304 712 1364 verbum
740 1325 801 1364 non
829 1311 915 1381 regat
939 1303 1101 1385 (particula
1123 1310 1160 1368 ut
1180 1315 1233 1368 aut

78 1407 192 1484 posita
219 1413 277 1466 aut
298 1403 433 1480 omissa),
455 1407 509 1466 sed
531 1427 567 1465 ex
589 1427 675 1486 equo
698 1409 830 1485 positum
852 1407 915 1467 fere
937 1410 1122 1487 parenthesis
1141 1411 1232 1471 modo

80 1507 319 1582 interiiciatur;
348 1508 508 1586 verbisque
530 1509 572 1568 sic
595 1511 704 1570 iunctis
731 1510 908 1588 plerumque
936 1531 997 1570 ncn
1025 1517 1087 1570 tam
1110 1511 1233 1573 effectus

80 1611 286 1688 significatur
308 1631 397 1690 qnam
420 1610 590 1686 affirmatio,
609 1617 696 1671 tanto
714 1613 844 1690 gravior,
864 1611 955 1689 quod,
974 1615 1025 1692 qui
1043 1613 1180 1688 affirmat,
1201 1635 1233 1674 se

83 1714 152 1790 ipse
186 1721 348 1774 auctorem
375 1713 540 1792 predicat·
572 1713 646 1772 Rem
673 1715 789 1792 primus
818 1719 955 1774 accurate
982 1717 1126 1774 tractavit
1146 1717 1232 1776 Mad·

83 1817 191 1890 vigim
217 1821 253 1878 in
274 1817 435 1894 Opuscub's
456 1815 500 1890 11,
522 1835 553 1893 p.
577 1819 615 1874 75
640 1836 720 1893 sqq.,
750 1818 802 1893 qui
830 1836 921 1893 quum
948 1823 1020 1894 post
1047 1815 1124 1894 fuxo
1152 1818 1233 1897 apud

86 1915 240 1978 Plautum
264 1925 296 1978 ct
318 1918 491 1978 Terentium
513 1919 642 1995 emplius
665 1919 883 1997 quinquaginta
904 1919 978 1978 locis
999 1919 1134 1978 futurum
1155 1919 1233 1978 indi·

89 2021 187 2078 cativi
212 2025 395 2095 invenisset,
423 2021 646 2081 coniunctivum
675 2021 795 2080 circiter
821 2021 964 2094 sedecim,
991 2026 1021 2079 ct
1043 2022 1081 2079 iis
1102 2021 1232 2100 quidem,

89 2121 144 2180 ubi
168 2144 236 2184 nna
258 2129 312 2184 eut
334 2123 451 2182 duabus
476 2124 586 2182 litteris
610 2125 734 2182 mutatis
758 2120 790 2198 (a
812 2125 843 2182 in
867 2139 897 2196 e,
920 2119 965 2182 sit
985 2126 1016 2182 in
1040 2119 1115 2197 erit)
1137 2124 1233 2183 salva-

92 2243 153 2302 que
177 2245 323 2286 mensura
351 2227 484 2286 futurum
508 2227 628 2286 restitui
649 2231 766 2303 posset,
790 2225 873 2284 illem
895 2225 1020 2284 fonnem
1043 2225 1138 2285 sclam
1159 2226 1233 2302 legi·

92 2328 207 2388 timum
236 2348 301 2388 esse
330 2328 484 2402 censebat,
515 2330 723 2388 coniunctivos
755 2326 948 2386 librariorum
978 2331 1030 2386 aut
1057 2330 1152 2386 errori
1181 2333 1235 2386 aut

93 2427 231 2492 licentiae
252 2429 417 2489 tribuebat.
454 2430 525 2502 Qus
548 2449 727 2508 quamquam
751 2431 905 2490 verissime
927 2430 1134 2490 animadversa
1156 2435 1233 2508 sunt,

96 2549 153 2608 ugo
183 2540 290 2592 tamen
311 2533 419 2592 Plauto
447 2538 509 2592 tam
537 2552 654 2592 severas
684 2533 857 2591 constantias
885 2532 965 2610 leges
994 2533 1147 2610 imponere
1174 2553 1235 2592 non

98 2636 212 2710 ausim,
235 2637 403 2714 praesertim
425 2655 517 2713 quum
539 2653 599 2694 unc
621 2635 702 2708 loco,
727 2634 807 2712 quod
829 2633 902 2692 mihi
922 2636 1131 2712 gravissimum
1153 2633 1235 2694 vida·

96 2741 165 2812 tur,
197 2741 289 2798 etiam
316 2737 354 2797 ut
380 2736 508 2797 addetur
533 2733 629 2810 (Asin.
654 2739 731 2797 893:
766 2735 853 2810 „sexo
875 2741 911 2794 ut
934 2733 1054 2811 scias“).
1099 2735 1236 2796 Futuri

99 2840 239 2918 exempla
260 2839 323 2898 baec
346 2845 431 2898 sunt:
454 2838 563 2918 Amph.
588 2841 664 2898 351:
689 2839 834 2916 accipiere
857 2838 877 2898 s.
920 2841 996 2898 991:
1021 2840 1040 2898 s.
1066 2838 1234 2898 deludetur.

101 2942 202 3003 1123:
226 2943 246 3001 i.
271 2941 359 3001 dices.
400 2942 484 3000 Asin.
511 2943 587 3000 131:
612 2941 631 3000 f.
656 2947 754 3000 erunt.
797 2943 873 3001 742:
897 2940 1051 3002 horrescet
1073 2941 1093 3000 s.
1128 2940 1235 3002 Bacch.

102 3045 180 3104 502:
206 3043 226 3103 s.
249 3043 331 3103 haud
354 3043 442 3104 dicct.
474 3045 550 3103 710:
574 3043 594 3103 f.
618 3043 665 3102 hic
689 3048 786 3102 erunt.
818 3045 894 3102 824:
919 3044 939 3102 f.
958 3046 1018 3102 iam
1036 3045 1121 3102 scies.
1150 3043 1235 3121 Capt.

105 3145 206 3206 1003:
229 3145 250 3204 f.
275 3149 387 3205 uenies.
421 3146 486 3206 Ges.
500 3147 577 3204 461:
601 3144 698 3205 aberit
719 3146 739 3202 f.
773 3143 860 3222 Epid.
878 3148 953 3204 157:
976 3144 1077 3203 lami.
1097 3144 1146 3203 hic
1169 3147 1235 3202 erit.

103 3247 182 3308 465:
211 3247 379 3327 possidebit
406 3249 426 3308 f.
473 3250 550 3307 646:
579 3248 599 3306 i.
626 3246 726 3306 scibis.
773 3249 850 3307 701:
880 3246 900 3306 f.
924 3249 1007 3306 scies.
1052 3246 1132 3306 Men.
1158 3248 1234 3304 322:

103 3351 269 3410 madebunt
286 3350 307 3408 f.
342 3351 419 3410 458:
445 3351 464 3408 f.
486 3350 575 3410 dices.
613 3351 690 3408 549:
709 3350 729 3408 i.
747 3351 908 3428 opprimes.
944 3351 1020 3409 648:
1035 3350 1060 3410 i.
1079 3349 1234 3408 referetur.

103 3453 180 3512 779:
204 3453 224 3512 s.
249 3452 371 3512 amabit.
407 3453 484 3512 930:
508 3451 627 3530 potabis
649 3450 669 3510 f.
705 3453 781 3511 936:
805 3451 826 3509 f.
851 3453 918 3509 erit.
952 3451 1118 3510 Mi1.465:
1143 3452 1163 3508 t.
1187 3451 1236 3508 hic

103 3558 170 3615 esc.
214 3555 356 3614 135e2s
380 3553 469 3614 cies.
509 3553 616 3614 Pseuc
642 3536 742 3612 cess.
766 3553 848 3612 sees.
891 3554 966 3612 cer:
991 3553 1011 3615 f.
1036 3555 1119 3613 sees.
1158 3554 1233 3612 cea:

103 3655 123 3714 f.
140 3657 250 3716 aderit.
287 3656 384 3716 1040:
407 3657 427 3716 f.
447 3656 545 3716 scibis.
584 3657 680 3716 1044:
701 3655 722 3713 f.
741 3655 957 3733 amplexabere.
995 3657 1091 3714 1326:
1109 3654 1130 3713 f.
1148 3655 1234 3712 feres.

104 3758 184 3820 Poen.
211 3760 288 3818 173:
311 3757 332 3816 f.
356 3761 440 3818 scies.
483 3760 559 3818 363:
583 3759 603 3816 s.
627 3758 721 3818 dabit.
756 3757 835 3816 460:
858 3757 878 3814 f.
903 3762 998 3816 erunt.
1035 3760 1112 3816 911:
1136 3757 1235 3835 dispe-

79 3862 175 3920 ·ribit
196 3861 218 3920 f.
265 3861 341 3919 913:
365 3860 386 3920 f.
409 3862 477 3920 eris.
522 3858 910 3920 Pers.162:i.aderunt.
955 3860 1030 3918 196:
1054 3858 1191 3918 laudabis
1214 3858 1235 3918 i.

105 3963 226 4025 44021.
251 3965 319 4022 erit.
353 3964 431 4022 44⁷:
455 3964 476 4021 f.
500 3963 604 4023 aderit.
639 3961 717 4022 liud.
743 3963 818 4020 578:
843 3969 1015 4020 exarescent
1037 3961 1057 4020 1.
1096 3963 1192 4021 1c51:
1215 3961 1235 4018 f.

105 4067 207 4126 exibit.
244 4064 365 4124 Trucul.
391 4065 466 4124 119:
490 4065 510 4123 f.
535 4069 630 4124 erunt.
665 4066 741 4123 427:
767 4064 787 4122 f.
810 4063 859 4122 hic
881 4063 988 4123 aderit.
1024 4065 1100 4122 743:
1124 4061 1149 4134 i.
1168 4063 1236 4122 erit.

105 4166 331 4229 TerentAndr.
355 4169 431 4228 854:
456 4168 477 4227 f.
501 4167 614 4228 audies.
657 4167 733 4226 Eun.
758 4167 834 4226 285:
859 4165 880 4224 f.
903 4165 1072 4224 insultabis.
1114 4165 1192 4224 663:
1215 4165 1235 4222 f.

105 4274 187 4332 acies.
211 4268 332 4328 Phorm.
346 4271 407 4330 308
426 4277 457 4329 et
476 4271 572 4330 1055:
596 4269 616 4328 f.
635 4269 684 4328 hic
700 4269 805 4328 ederit.
818 4265 1009 4327 -Futuri
1032 4268 1157 4326 exacti
1174 4266 1237 4326 haec

106 4373 240 4451 exempla
262 4377 345 4430 sunt:
368 4373 469 4432 Aulul.
483 4373 560 4431 568:
584 4371 605 4430 f.
621 4371 798 4450 perdiderit.
832 4369 916 4446 Capt.
931 4371 1007 4430 793:
1030 4367 1051 4428 s.
1074 4369 1237 4428 obstiterit.
