2976 5056
225 507 290 574 860
719 501 859 556 ffiwlt

225 701 341 760 omns·
368 703 470 758 umen
497 717 545 758 w.
570 697 706 758 88-88.
756 694 865 754 888
897 694 1025 758 seneen
1058 715 1087 754 v.
1115 697 1154 756 so
1176 694 1295 774 poam
1327 695 1364 753 ns
1454 672 1461 747 1

225 801 335 863 cod.B
358 801 396 862 ab
419 801 505 860 initio
526 799 585 859 1811
610 795 760 878 ,potest“,
783 797 835 858 sed
858 798 965 858 ultima
985 798 1090 858 littera
1112 817 1198 858 erasa
1219 803 1275 858 ert
1311 796 1362 856 Fi.

229 900 345 982 ,potis“
371 903 482 976 edidit,
508 906 620 982 praeter
641 901 862 974 necessitatem
879 900 974 977 potes
994 900 1133 960 ultimam
1154 901 1293 980 corripit.
1320 929 1364 940 -
1470 893 1475 948 ἶ

225 1003 436 1082 circumduce,
458 1008 478 1064 i.
503 1026 529 1064 e.
552 1004 637 1078 18118,
661 1001 820 1076 deii-auda,
844 1002 880 1062 81.
903 1001 1010 1064 Bacch.
1036 1005 1113 1064 ³07:
1140 1001 1190 1078 ,Si
1211 1003 1284 1062 med
1306 1001 1367 1060 illo
1474 1019 1475 1026 ¹

225 1129 299 1170 auro
321 1113 407 1168 tanto
430 1103 690 1168 circumduxerit“.
724 1107 814 1164 1177.
845 1103 954 1164 Pseud
978 1108 1051 1166 431.
1077 1107 1147 1166 530.
1172 1107 1243 1165 868.
1274 1103 1362 1164 Poen.

226 1213 298 1272 979.
325 1211 416 1270 1291.
446 1209 528 1270 Trin.
553 1211 624 1270 859.
654 1207 774 1268 Trucul.
799 1208 871 1267 861.
894 1237 938 1249 -
961 1210 1011 1268 97.
1034 1208 1146 1268 Versus
1168 1227 1303 1282 mancus,
1327 1212 1368 1266 ut
1475 1227 1476 1260 ς

223 1313 360 1386 videtum
388 1331 457 1372 nam
478 1313 528 1371 rel
549 1312 576 1371 si
597 1306 633 1372 id
653 1315 723 1370 8818
749 1305 841 1370 bodie
870 1309 978 1384 addas,
1008 1309 1088 1387 quod
1115 1311 1174 1370 nisi
1201 1311 1296 1370 fallor
1324 1330 1366 1368 ex

223 1415 314 1476 Festo
335 1435 366 1492 p.
394 1415 452 1474 198
478 1411 537 1488 („si
560 1413 592 1474 id
614 1407 783 1486 effeceris“)
814 1414 846 1472 in
868 1411 955 1472 codd.
979 1412 1180 1472 deterioribus
1201 1417 1367 1490 receptum

224 1523 283 1591 aet,
306 1517 407 1576 hiatus
428 1522 499 1594 post
524 1513 647 1588 ,bodis“
673 1517 725 1574 vix
752 1515 826 1574 ferri
847 1519 958 1594 potest.
1002 1515 1130 1593 Antiqui
1152 1515 1220 1576 edd.
1247 1511 1363 1588 ,Tibi‘

224 1621 255 1680 in
271 1619 420 1698 principio
436 1637 540 1678 versus
557 1617 717 1691 addebant,
740 1617 802 1676 Ill:
830 1616 1010 1692 „offuturum
1031 1613 1116 1690 me“;
1139 1637 1202 1690 nos,
1226 1637 1264 1676 ne
1284 1616 1367 1675 duo·
1470 1705 1471 1710 η

223 1723 280 1783 bus
296 1723 369 1782 locis
387 1721 502 1798 aliquid
519 1721 660 1780 omissum
676 1723 853 1798 putaretur:
880 1721 924 1794 ,si
940 1719 974 1780 iu
989 1699 1026 1778 id
1040 1716 1162 1778 bodie“.
1194 1717 1288 1778 Gertz
1315 1720 1363 1792 ,si

223 1825 299 1884 illud
322 1821 431 1885 hodie“
456 1821 595 1882 malebat
613 1851 658 1864 -·
674 1823 724 1881 98.
743 1837 809 1882 unu
825 1837 931 1900 opera,
954 1823 974 1881 1.
993 1842 1019 1880 8.
1037 1841 1096 1881 888
1115 1823 1229 1882 maiore
1252 1840 1365 1901 opera,

223 1947 309 2004 seque
327 1926 425 2000 188118,
445 1927 507 1984 sive
527 1925 649 1984 additur
665 1925 815 1984 sententia
830 1925 958 1985 relativa
974 1925 1037 1983 sive
1053 1923 1183 1998 auditur,
1207 1925 1245 1984 81.
1262 1923 1360 1984 Most.

225 2031 302 2089 254:
329 2027 414 2102 „Una
436 2046 529 2106 opera
550 2027 625 2086 ebur
648 2031 815 2086 atramento
838 2027 1031 2088 candefacere
1046 2023 1212 2106 postulss“.
1246 2026 1362 2087 Pseud.

225 2133 303 2192 318:
340 2149 419 2209 ,qua
451 2149 542 2208 opera
576 2128 694 2188 credam
721 2129 792 2202 tibi,
821 2127 890 2189 Una
917 2148 1011 2208 opera
1040 2129 1168 2206 adligem
1197 2129 1363 2204 fugitiuum

223 2253 325 2293 canem
360 2233 477 2308 agninis
506 2227 665 2290 lactibus“.
710 2230 796 2307 Gapt.
822 2233 893 2290 857.
938 2231 1036 2290 Casin.
1060 2233 1132 2292 286.
1176 2229 1258 2291 1188.
1283 2232 1364 2290 782.

224 2336 296 2396 784.
323 2335 393 2395 518.
437 2333 640 2411 Frequentius
673 2332 783 2392 dicitur
816 2329 925 2416 eadem
958 2349 1068 2411 opera,
1102 2337 1138 2392 ut
1168 2333 1249 2392 inira
1283 2335 1361 2394 633.
1472 2306 1478 2400 ι,

223 2437 308 2515 0881,
333 2438 405 2496 448.
428 2435 519 2496 Most.
547 2437 638 2495 1023.
662 2435 700 2494 81.
723 2466 766 2502 -,-
788 2435 898 2496 Servus
922 2438 966 2496 ait
987 2457 1019 2496 ae
1040 2441 1103 2496 tarn
1125 2435 1266 2496 18811818
1288 2455 1364 2496 aere

222 2540 347 2619 piscari,
371 2540 402 2598 18
424 2540 501 2598 mari
528 2539 647 2611 venari,
677 2558 765 2616 quam
794 2539 875 2616 apud
903 2539 1006 2598 herum
1036 2542 1191 2616 argentum
1221 2558 1362 2616 quarere

223 2661 324 2722 posse;
347 2647 508 2720 utrumque
530 2659 614 2718 aque
636 2641 743 2700 inutile
766 2661 846 2716 esse,
871 2642 1011 2719 quoniam
1034 2661 1089 2700 neo
1111 2641 1210 2718 pisces
1231 2644 1263 2700 18
1287 2660 1361 2700 aero

224 2764 279 2804 888
306 2743 377 2802 ferae
403 2743 436 2802 18
464 2743 540 2801 mari
562 2761 617 2801 888
639 2749 797 2818 argentum
820 2743 901 2822 apud
922 2743 1026 2802 berum
1048 2744 1249 2802 inveniantur.
1296 2742 1359 2804 Sed

224 2845 405 2906 obscuratur
433 2845 620 2921 aliquantum
648 2849 797 2905 sententia
824 2867 873 2920 88,
898 2845 978 2923 quod
1000 2851 1093 2922 poeta
1114 2845 1240 2904 alteram
1263 2848 1360 2906 actio-

224 2967 290 3008 nem
319 2949 487 3007 accuratius
516 2946 687 3008 describens
717 2951 909 3008 instrumenti
940 2949 1104 3008 ablativum
1138 2947 1233 3008 addit.
1279 2948 1359 3008 Nam

224 3053 455 3112 instrumentum
471 3052 582 3129 posuit,
600 3072 660 3112 non
683 3071 743 3128 quo
766 3051 821 3109 soli
842 3055 966 3110 utantur
987 3057 1155 3124 venatores,
1175 3051 1359 3112 venabulum

224 3160 278 3215 aut
299 3153 486 3230 indaginem,
510 3155 563 3214 sed
586 3155 627 3227 ei,
651 3155 756 3232 quiin
778 3153 856 3211 mari
877 3155 979 3212 venari
1001 3154 1083 3227 velit,
1108 3153 1212 3212 saltem
1236 3158 1360 3231 aptiora

225 3259 425 3317 instrumenta
458 3255 623 3317 concedens
654 3255 719 3315 rete
751 3251 888 3315 iaculum
919 3257 1020 3333 88811,
1055 3257 1075 3314 i.
1099 3275 1124 3315 a.
1159 3260 1237 3330 reta,
1275 3255 1359 3333 quod

224 3363 343 3420 iacitur.
389 3360 454 3419 Hoc
482 3363 533 3418 aut
559 3363 623 3418 rete
650 3359 781 3417 iaculum
810 3363 863 3418 aut
890 3359 1068 3436 simpliciter
1089 3357 1218 3418 iaculum
1241 3357 1358 3417 dictum

225 3483 289 3523 esse
310 3463 455 3534 videmus,
478 3466 514 3520 81
535 3461 654 3521 Trucul.
680 3463 735 3521 35:
761 3461 870 3535 ,Quasi
891 3461 923 3520 18
944 3461 1089 3536 piscinam
1111 3465 1177 3520 reta
1200 3461 1253 3538 qui
1274 3463 1359 3520 iacu-

224 3567 286 3626 lum
309 3562 425 3644 parat“.
458 3562 713 3640 (11119911188
731 3582 794 3622 voc.
812 3562 1045 3622 restituendum:
1073 3561 1168 3636 ,Dum
1192 3562 1251 3620 sibi
1274 3565 1360 3622 iacu-

223 3668 286 3728 lum
305 3669 362 3728 buo
379 3670 576 3740 transmittat,
596 3685 673 3744 quae
690 3664 778 3724 huius
795 3667 916 3742 cupiens
934 3661 1128 3742 corporist“).
1152 3663 1237 3723 Orid.
1252 3666 1319 3724 Art.
1332 3664 1359 3738 1,

226 3771 302 3830 763:
331 3769 405 3844 ,Hic
427 3769 524 3828 iaculo
546 3771 654 3847 pisces,
678 3767 731 3827 illa
753 3769 911 3843 capiuntur
933 3768 971 3827 ab
992 3769 1096 3842 barnis,
1119 3767 1176 3827 1118
1195 3786 1269 3826 cava
1287 3787 1360 3826 con-

225 3877 310 3932 tento
332 3873 410 3930 retia
430 3871 499 3930 fune
522 3869 677 3930 trabunt“.
721 3868 834 3930 Auson.
857 3869 953 3948 Epist.
978 3872 1013 3945 4,
1039 3873 1092 3931 56:
1124 3869 1183 3946 „Et
1203 3871 1304 3928 iacula
1325 3873 1360 3928 et

225 3969 363 4034 fondas“.
398 3973 496 4046 Quare
519 3973 654 4033 codicum
677 3973 856 4048 scripturam
874 3973 911 4032 ab
929 3974 996 4032 aliis
1013 3972 1189 4048 corrigendo
1206 3977 1360 4033 tentatam

228 4075 344 4151 (Both.:
372 4074 500 4149 „Ueneri
522 4083 622 4135 autem
645 4074 764 4134 iaculod
780 4075 811 4134 in
829 4075 929 4136 medio
945 4073 1052 4134 mari“.
1085 4076 1148 4136 Fi:
1176 4075 1235 4149 „st
1253 4079 1360 4136 uenari

226 4185 326 4239 autem
347 4179 473 4238 reticulo
495 4180 527 4236 in
548 4199 586 4236 m.
609 4175 684 4253 m.“)
708 4179 850 4237 intactam
873 4179 997 4255 reliqui,
1021 4180 1080 4238 nisi
1102 4177 1181 4255 quod
1203 4197 1259 4256 pro
1281 4179 1359 4254 rete,

227 4282 307 4358 quod
329 4280 414 4340 codd.
438 4281 580 4361 8888881,
604 4283 676 4359 quia
697 4301 802 4340 versus
824 4281 943 4358 longam
963 4281 1107 4358 syllabam
1123 4280 1269 4358 postulat,
1287 4282 1356 4340 soli·

226 4389 288 4442 tam
311 4383 434 4442 ablativi
455 4385 580 4440 formam
606 4381 699 4456 ,reti“
725 4382 774 4441 vel
795 4380 906 4455 „retei“
927 4383 1078 4457 substitui,
1096 4385 1132 4442 81.
1144 4382 1225 4442 Prol.
1237 4403 1268 4463 p.
1285 4385 1357 4444 195.
1476 4369 1479 4386 ⁴
