<?xml version="1.0" encoding="UTF-8"?>
<!DOCTYPE html PUBLIC "-//W3C//DTD XHTML 1.0 Transitional//EN"
    "http://www.w3.org/TR/xhtml1/DTD/xhtml1-transitional.dtd">
<html xmlns="http://www.w3.org/1999/xhtml" xml:lang="en" lang="en">
 <head>
  <title>
</title>
<meta http-equiv="Content-Type" content="text/html;charset=utf-8" />
  <meta name='ocr-system' content='tesseract 3.04.00' />
  <meta name='ocr-capabilities' content='ocr_page ocr_carea ocr_par ocr_line ocrx_word'/>
</head>
<body>
  <div class='ocr_page' id='page_1' title='image "./tmacciiplautico02ussigoog_0082.png"; bbox 0 0 2992 5054; ppageno 0'>
   <div class='ocr_carea' id='block_1_1' title="bbox 107 493 1237 564">
    <p class='ocr_par' dir='ltr' id='par_1_1' title="bbox 107 493 1237 564">
     <span class='ocr_line' id='line_1_1' title="bbox 107 493 1237 564; baseline -0.005 -12"><span class='ocrx_word' id='word_1_1' title='bbox 107 497 187 564; x_wconf 69' lang='lat' dir='ltr'><strong>me,</strong></span> <span class='ocrx_word' id='word_1_2' title='bbox 199 498 286 550; x_wconf 80' lang='lat'>1-14</span> <span class='ocrx_word' id='word_1_3' title='bbox 316 539 319 546; x_wconf 91' lang='lat'><em>.</em></span> <span class='ocrx_word' id='word_1_4' title='bbox 583 493 760 563; x_wconf 80' lang='lat' dir='ltr'><strong>Amphitruo.</strong></span> <span class='ocrx_word' id='word_1_5' title='bbox 1196 499 1237 558; x_wconf 86' lang='grc'><strong>67</strong></span> 
     </span>
    </p>
   </div>
   <div class='ocr_carea' id='block_1_2' title="bbox 106 681 1198 770">
    <p class='ocr_par' dir='ltr' id='par_1_2' title="bbox 106 681 1198 770">
     <span class='ocr_line' id='line_1_2' title="bbox 106 681 1198 770; baseline -0.005 -20"><span class='ocrx_word' id='word_1_6' title='bbox 106 685 238 756; x_wconf 81' lang='lat' dir='ltr'>Nihilne</span> <span class='ocrx_word' id='word_1_7' title='bbox 261 691 296 751; x_wconf 91' lang='lat' dir='ltr'><strong>te</strong></span> <span class='ocrx_word' id='word_1_8' title='bbox 318 685 429 770; x_wconf 83' lang='lat' dir='ltr'><strong>pudet,</strong></span> <span class='ocrx_word' id='word_1_9' title='bbox 451 684 598 764; x_wconf 77' lang='lat' dir='ltr'><strong>sceleste,</strong></span> <span class='ocrx_word' id='word_1_10' title='bbox 620 683 733 768; x_wconf 91' lang='lat' dir='ltr'><strong>populi</strong></span> <span class='ocrx_word' id='word_1_11' title='bbox 754 683 789 747; x_wconf 93' lang='lat' dir='ltr'><strong>in</strong></span> <span class='ocrx_word' id='word_1_12' title='bbox 812 687 1025 768; x_wconf 78' lang='lat' dir='ltr'><strong>conspectum</strong></span> <span class='ocrx_word' id='word_1_13' title='bbox 1047 681 1198 766; x_wconf 80' lang='lat' dir='ltr'><strong>ingredi?</strong></span> 
     </span>
    </p>
   </div>
   <div class='ocr_carea' id='block_1_3' title="bbox 105 894 1238 1834">
    <p class='ocr_par' dir='ltr' id='par_1_3' title="bbox 571 894 774 978">
     <span class='ocr_line' id='line_1_3' title="bbox 571 894 774 978; baseline 0.01 -18"><span class='ocrx_word' id='word_1_14' title='bbox 571 895 641 961; x_wconf 91' lang='lat' dir='ltr'><strong>Ble</strong></span> <span class='ocrx_word' id='word_1_15' title='bbox 648 894 774 978; x_wconf 82' lang='lat' dir='ltr'><strong>pharo</strong></span> 
     </span>
    </p>

    <p class='ocr_par' dir='ltr' id='par_1_4' title="bbox 105 1003 1176 1297">
     <span class='ocr_line' id='line_1_4' title="bbox 105 1003 1176 1092; baseline -0.006 -18"><span class='ocrx_word' id='word_1_16' title='bbox 105 1011 281 1076; x_wconf 80' lang='lat' dir='ltr'><strong>Lametus.</strong></span> <span class='ocrx_word' id='word_1_17' title='bbox 315 1006 442 1092; x_wconf 89' lang='lat' dir='ltr'><strong>Edepol</strong></span> <span class='ocrx_word' id='word_1_18' title='bbox 463 1005 628 1072; x_wconf 89' lang='lat' dir='ltr'><strong>hominem</strong></span> <span class='ocrx_word' id='word_1_19' title='bbox 650 1003 818 1070; x_wconf 89' lang='lat' dir='ltr'><strong>miseruml</strong></span> <span class='ocrx_word' id='word_1_20' title='bbox 841 1003 1005 1070; x_wconf 79' lang='lat' dir='ltr'><strong>medicum</strong></span> <span class='ocrx_word' id='word_1_21' title='bbox 1027 1005 1176 1088; x_wconf 72' lang='lat' dir='ltr'><strong>querito.</strong></span> 
     </span>
     <span class='ocr_line' id='line_1_5' title="bbox 554 1207 963 1297; baseline -0.002 -25"><span class='ocrx_word' id='word_1_22' title='bbox 554 1207 793 1292; x_wconf 77' lang='lat' dir='ltr'><strong>Amphitruo</strong></span> <span class='ocrx_word' id='word_1_23' title='bbox 960 1291 963 1297; x_wconf 26' lang='grc' dir='ltr'>Ι</span> 
     </span>
    </p>

    <p class='ocr_par' dir='ltr' id='par_1_5' title="bbox 106 1313 1238 1507">
     <span class='ocr_line' id='line_1_6' title="bbox 106 1313 1238 1404; baseline -0.009 -16"><span class='ocrx_word' id='word_1_24' title='bbox 106 1322 168 1402; x_wconf 84' lang='lat' dir='ltr'><strong>Qui</strong></span> <span class='ocrx_word' id='word_1_25' title='bbox 188 1341 346 1404; x_wconf 86' lang='lat' dir='ltr'><strong>nequeas,</strong></span> <span class='ocrx_word' id='word_1_26' title='bbox 368 1323 556 1385; x_wconf 90' lang='lat' dir='ltr'><strong>nostrorum</strong></span> <span class='ocrx_word' id='word_1_27' title='bbox 578 1322 653 1380; x_wconf 91' lang='lat' dir='ltr'><strong>uter</strong></span> <span class='ocrx_word' id='word_1_28' title='bbox 675 1316 718 1380; x_wconf 89' lang='lat' dir='ltr'><strong>sit</strong></span> <span class='ocrx_word' id='word_1_29' title='bbox 737 1313 931 1399; x_wconf 83' lang='lat' dir='ltr'><strong>Amphitruo</strong></span> <span class='ocrx_word' id='word_1_30' title='bbox 955 1316 1144 1382; x_wconf 83' lang='lat' dir='ltr'><strong>decernere.</strong></span> <span class='ocrx_word' id='word_1_31' title='bbox 1170 1326 1238 1378; x_wconf 85' lang='grc' dir='ltr'><strong>1οω</strong></span> 
     </span>
     <span class='ocr_line' id='line_1_7' title="bbox 572 1423 774 1507; baseline -0.005 -18"><span class='ocrx_word' id='word_1_32' title='bbox 572 1423 774 1507; x_wconf 90' lang='lat' dir='ltr'><strong>Blepharo</strong></span> 
     </span>
    </p>

    <p class='ocr_par' dir='ltr' id='par_1_6' title="bbox 105 1531 1186 1618">
     <span class='ocr_line' id='line_1_8' title="bbox 105 1531 1186 1618; baseline -0.004 -15"><span class='ocrx_word' id='word_1_33' title='bbox 105 1537 170 1604; x_wconf 89' lang='lat' dir='ltr'><strong>Uos</strong></span> <span class='ocrx_word' id='word_1_34' title='bbox 193 1540 284 1602; x_wconf 88' lang='lat' dir='ltr'><strong>inter</strong></span> <span class='ocrx_word' id='word_1_35' title='bbox 305 1557 365 1602; x_wconf 92' lang='lat' dir='ltr'><strong>uos</strong></span> <span class='ocrx_word' id='word_1_36' title='bbox 386 1536 485 1600; x_wconf 79' lang='lat' dir='ltr'><strong>istaec</strong></span> <span class='ocrx_word' id='word_1_37' title='bbox 507 1535 647 1618; x_wconf 83' lang='lat' dir='ltr'><strong>partite;</strong></span> <span class='ocrx_word' id='word_1_38' title='bbox 670 1555 729 1616; x_wconf 84' lang='lat' dir='ltr'><strong>ego</strong></span> <span class='ocrx_word' id='word_1_39' title='bbox 753 1532 846 1612; x_wconf 82' lang='lat' dir='ltr'><strong>abeo,</strong></span> <span class='ocrx_word' id='word_1_40' title='bbox 870 1531 951 1598; x_wconf 93' lang='lat' dir='ltr'><strong>mihi</strong></span> <span class='ocrx_word' id='word_1_41' title='bbox 973 1535 1186 1618; x_wconf 82' lang='lat' dir='ltr'><strong>negotiumst3</strong></span> 
     </span>
    </p>

    <p class='ocr_par' dir='ltr' id='par_1_7' title="bbox 106 1642 1235 1834">
     <span class='ocr_line' id='line_1_9' title="bbox 106 1642 1235 1730; baseline -0.004 -20"><span class='ocrx_word' id='word_1_42' title='bbox 106 1647 218 1730; x_wconf 86' lang='lat' dir='ltr'><strong>Neque</strong></span> <span class='ocrx_word' id='word_1_43' title='bbox 243 1667 305 1730; x_wconf 80' lang='lat' dir='ltr'><strong>ego</strong></span> <span class='ocrx_word' id='word_1_44' title='bbox 328 1663 483 1726; x_wconf 89' lang='lat' dir='ltr'><strong>umquam</strong></span> <span class='ocrx_word' id='word_1_45' title='bbox 504 1663 643 1724; x_wconf 80' lang='lat' dir='ltr'><strong>usquam</strong></span> <span class='ocrx_word' id='word_1_46' title='bbox 665 1648 762 1707; x_wconf 83' lang='lat' dir='ltr'><strong>tenta</strong></span> <span class='ocrx_word' id='word_1_47' title='bbox 783 1642 867 1706; x_wconf 85' lang='lat' dir='ltr'><strong>mira</strong></span> <span class='ocrx_word' id='word_1_48' title='bbox 889 1664 940 1708; x_wconf 90' lang='lat' dir='ltr'><strong>me</strong></span> <span class='ocrx_word' id='word_1_49' title='bbox 962 1643 1085 1708; x_wconf 91' lang='lat' dir='ltr'><strong>uidisse</strong></span> <span class='ocrx_word' id='word_1_50' title='bbox 1109 1663 1235 1708; x_wconf 86' lang='lat' dir='ltr'><strong>censeo.</strong></span> 
     </span>
     <span class='ocr_line' id='line_1_10' title="bbox 552 1749 792 1834; baseline 0.008 -20"><span class='ocrx_word' id='word_1_51' title='bbox 552 1749 792 1834; x_wconf 85' lang='lat' dir='ltr'><strong>Amphitruo</strong></span> 
     </span>
    </p>
   </div>
   <div class='ocr_carea' id='block_1_4' title="bbox 106 1857 1110 1948">
    <p class='ocr_par' dir='ltr' id='par_1_8' title="bbox 106 1857 1110 1948">
     <span class='ocr_line' id='line_1_11' title="bbox 106 1857 1110 1948; baseline -0.002 -22"><span class='ocrx_word' id='word_1_52' title='bbox 106 1863 283 1948; x_wconf 87' lang='lat' dir='ltr'><strong>Blepharo‚</strong></span> <span class='ocrx_word' id='word_1_53' title='bbox 306 1881 429 1946; x_wconf 81' lang='lat' dir='ltr'><strong>quaeso</strong></span> <span class='ocrx_word' id='word_1_54' title='bbox 452 1865 490 1925; x_wconf 83' lang='lat' dir='ltr'><strong>ut</strong></span> <span class='ocrx_word' id='word_1_55' title='bbox 512 1857 693 1924; x_wconf 83' lang='lat' dir='ltr'><strong>aduooetns</strong></span> <span class='ocrx_word' id='word_1_56' title='bbox 715 1859 760 1923; x_wconf 92' lang='lat' dir='ltr'><strong>mi</strong></span> <span class='ocrx_word' id='word_1_57' title='bbox 783 1857 872 1924; x_wconf 86' lang='lat' dir='ltr'><strong>adsis</strong></span> <span class='ocrx_word' id='word_1_58' title='bbox 895 1879 977 1924; x_wconf 92' lang='lat' dir='ltr'><strong>neue</strong></span> <span class='ocrx_word' id='word_1_59' title='bbox 1001 1859 1110 1926; x_wconf 82' lang='lat' dir='ltr'><strong>abeas.</strong></span> 
     </span>
    </p>
   </div>
   <div class='ocr_carea' id='block_1_5' title="bbox 573 1966 1214 2118">
    <p class='ocr_par' dir='ltr' id='par_1_9' title="bbox 573 1966 1214 2118">
     <span class='ocr_line' id='line_1_12' title="bbox 573 1966 776 2051; baseline 0.005 -20"><span class='ocrx_word' id='word_1_60' title='bbox 573 1966 776 2051; x_wconf 88' lang='lat' dir='ltr'><strong>Blepharo</strong></span> 
     </span>
     <span class='ocr_line' id='line_1_13' title="bbox 1121 2053 1214 2118; baseline 0 0"><span class='ocrx_word' id='word_1_61' title='bbox 1121 2053 1214 2118; x_wconf 81' lang='lat' dir='ltr'><strong>Uale.</strong></span> 
     </span>
    </p>
   </div>
   <div class='ocr_carea' id='block_1_6' title="bbox 107 2122 1178 2464">
    <p class='ocr_par' dir='ltr' id='par_1_10' title="bbox 107 2122 1178 2464">
     <span class='ocr_line' id='line_1_14' title="bbox 107 2122 1178 2250; baseline -0.005 -20"><span class='ocrx_word' id='word_1_62' title='bbox 107 2163 192 2243; x_wconf 85' lang='lat' dir='ltr'><strong>Quid</strong></span> <span class='ocrx_word' id='word_1_63' title='bbox 214 2185 299 2250; x_wconf 92' lang='lat' dir='ltr'><strong>opus</strong></span> <span class='ocrx_word' id='word_1_64' title='bbox 322 2185 373 2228; x_wconf 92' lang='lat' dir='ltr'><strong>me</strong></span> <span class='ocrx_word' id='word_1_65' title='bbox 397 2122 568 2240; x_wconf 84' lang='lat' dir='ltr'><strong>aduocato,</strong></span> <span class='ocrx_word' id='word_1_66' title='bbox 592 2161 647 2244; x_wconf 92' lang='lat' dir='ltr'><strong>qui</strong></span> <span class='ocrx_word' id='word_1_67' title='bbox 670 2161 737 2226; x_wconf 90' lang='lat' dir='ltr'><strong>utri</strong></span> <span class='ocrx_word' id='word_1_68' title='bbox 759 2161 820 2226; x_wconf 92' lang='lat' dir='ltr'><strong>sim</strong></span> <span class='ocrx_word' id='word_1_69' title='bbox 843 2161 1024 2228; x_wconf 72' lang='lat' dir='ltr'><strong>adnotatus</strong></span> <span class='ocrx_word' id='word_1_70' title='bbox 1046 2162 1178 2228; x_wconf 82' lang='lat' dir='ltr'><strong>nescio?</strong></span> 
     </span>
     <span class='ocr_line' id='line_1_15' title="bbox 581 2269 767 2352; baseline -0.005 -18"><span class='ocrx_word' id='word_1_71' title='bbox 581 2269 767 2352; x_wconf 87' lang='lat' dir='ltr'><strong>luppiter</strong></span> 
     </span>
     <span class='ocr_line' id='line_1_16' title="bbox 108 2377 841 2464; baseline -0.005 -20"><span class='ocrx_word' id='word_1_72' title='bbox 108 2379 198 2446; x_wconf 90' lang='lat' dir='ltr'><strong>Intro</strong></span> <span class='ocrx_word' id='word_1_73' title='bbox 222 2401 285 2464; x_wconf 80' lang='lat' dir='ltr'><strong>ego</strong></span> <span class='ocrx_word' id='word_1_74' title='bbox 308 2379 384 2444; x_wconf 90' lang='lat' dir='ltr'><strong>hino</strong></span> <span class='ocrx_word' id='word_1_75' title='bbox 407 2400 461 2460; x_wconf 82' lang='lat' dir='ltr'><strong>e03</strong></span> <span class='ocrx_word' id='word_1_76' title='bbox 483 2378 665 2442; x_wconf 86' lang='lat' dir='ltr'><strong>Alcumena</strong></span> <span class='ocrx_word' id='word_1_77' title='bbox 686 2377 841 2460; x_wconf 89' lang='lat' dir='ltr'><strong>parturit.</strong></span> 
     </span>
    </p>
   </div>
   <div class='ocr_carea' id='block_1_7' title="bbox 558 2483 1237 2637">
    <p class='ocr_par' dir='ltr' id='par_1_11' title="bbox 558 2483 1237 2637">
     <span class='ocr_line' id='line_1_17' title="bbox 558 2483 792 2570; baseline -0.004 -19"><span class='ocrx_word' id='word_1_78' title='bbox 558 2483 792 2570; x_wconf 83' lang='lat' dir='ltr'><strong>Amphitruo</strong></span> 
     </span>
     <span class='ocr_line' id='line_1_18' title="bbox 859 2571 1237 2637; baseline -0.008 -1"><span class='ocrx_word' id='word_1_79' title='bbox 859 2571 947 2636; x_wconf 90' lang='lat' dir='ltr'><strong>Perii</strong></span> <span class='ocrx_word' id='word_1_80' title='bbox 969 2571 1076 2637; x_wconf 89' lang='lat' dir='ltr'><strong>miser.</strong></span> <span class='ocrx_word' id='word_1_81' title='bbox 1171 2581 1237 2634; x_wconf 83' lang='lat'>1055</span> 
     </span>
    </p>
   </div>
   <div class='ocr_carea' id='block_1_8' title="bbox 109 2679 1238 3742">
    <p class='ocr_par' dir='ltr' id='par_1_12' title="bbox 109 2679 1238 3742">
     <span class='ocr_line' id='line_1_19' title="bbox 110 2679 1199 2767; baseline 0.001 -21"><span class='ocrx_word' id='word_1_82' title='bbox 110 2679 192 2759; x_wconf 85' lang='lat' dir='ltr'><strong>Quid</strong></span> <span class='ocrx_word' id='word_1_83' title='bbox 215 2705 277 2767; x_wconf 83' lang='lat' dir='ltr'><strong>ego</strong></span> <span class='ocrx_word' id='word_1_84' title='bbox 300 2702 368 2764; x_wconf 76' lang='lat' dir='ltr'><strong>opo,</strong></span> <span class='ocrx_word' id='word_1_85' title='bbox 390 2702 487 2764; x_wconf 88' lang='lat' dir='ltr'><strong>quem</strong></span> <span class='ocrx_word' id='word_1_86' title='bbox 510 2679 666 2744; x_wconf 84' lang='lat' dir='ltr'><strong>aduocati</strong></span> <span class='ocrx_word' id='word_1_87' title='bbox 687 2681 754 2745; x_wconf 92' lang='lat' dir='ltr'><strong>iam</strong></span> <span class='ocrx_word' id='word_1_88' title='bbox 776 2687 875 2762; x_wconf 84' lang='lat' dir='ltr'><strong>atque</strong></span> <span class='ocrx_word' id='word_1_89' title='bbox 899 2681 997 2746; x_wconf 86' lang='lat' dir='ltr'><strong>amici</strong></span> <span class='ocrx_word' id='word_1_90' title='bbox 1019 2681 1199 2747; x_wconf 80' lang='lat' dir='ltr'><strong>deserunt?</strong></span> 
     </span>
     <span class='ocr_line' id='line_1_20' title="bbox 109 2787 1214 2876; baseline 0.002 -24"><span class='ocrx_word' id='word_1_91' title='bbox 109 2789 294 2876; x_wconf 83' lang='lat' dir='ltr'><strong>Numquam</strong></span> <span class='ocrx_word' id='word_1_92' title='bbox 316 2787 434 2872; x_wconf 89' lang='lat' dir='ltr'><strong>edepol</strong></span> <span class='ocrx_word' id='word_1_93' title='bbox 457 2811 508 2854; x_wconf 92' lang='lat' dir='ltr'><strong>me</strong></span> <span class='ocrx_word' id='word_1_94' title='bbox 530 2787 660 2853; x_wconf 81' lang='lat' dir='ltr'><strong>inultus‘</strong></span> <span class='ocrx_word' id='word_1_95' title='bbox 675 2787 750 2852; x_wconf 88' lang='lat' dir='ltr'><strong>istie</strong></span> <span class='ocrx_word' id='word_1_96' title='bbox 771 2787 963 2870; x_wconf 70' lang='lat' dir='ltr'><strong>ludificante,</strong></span> <span class='ocrx_word' id='word_1_97' title='bbox 987 2791 1132 2873; x_wconf 90' lang='lat' dir='ltr'><strong>quisquis</strong></span> <span class='ocrx_word' id='word_1_98' title='bbox 1155 2795 1214 2854; x_wconf 91' lang='lat' dir='ltr'><strong>est.</strong></span> 
     </span>
     <span class='ocr_line' id='line_1_21' title="bbox 109 2896 1235 2982; baseline 0.001 -22"><span class='ocrx_word' id='word_1_99' title='bbox 109 2896 176 2962; x_wconf 90' lang='lat' dir='ltr'><strong>lam</strong></span> <span class='ocrx_word' id='word_1_100' title='bbox 199 2899 242 2964; x_wconf 85' lang='lat' dir='ltr'><strong>ed</strong></span> <span class='ocrx_word' id='word_1_101' title='bbox 264 2919 375 2982; x_wconf 85' lang='lat' dir='ltr'><strong>regem</strong></span> <span class='ocrx_word' id='word_1_102' title='bbox 396 2903 490 2962; x_wconf 85' lang='lat' dir='ltr'><strong>reeta</strong></span> <span class='ocrx_word' id='word_1_103' title='bbox 511 2919 562 2961; x_wconf 93' lang='lat' dir='ltr'><strong>me</strong></span> <span class='ocrx_word' id='word_1_104' title='bbox 586 2896 705 2961; x_wconf 87' lang='lat' dir='ltr'><strong>ducem</strong></span> <span class='ocrx_word' id='word_1_105' title='bbox 726 2919 845 2980; x_wconf 89' lang='lat' dir='ltr'><strong>resque</strong></span> <span class='ocrx_word' id='word_1_106' title='bbox 872 2903 911 2963; x_wconf 91' lang='lat' dir='ltr'><strong>ut</strong></span> <span class='ocrx_word' id='word_1_107' title='bbox 937 2897 1061 2963; x_wconf 82' lang='lat' dir='ltr'><strong>factast</strong></span> <span class='ocrx_word' id='word_1_108' title='bbox 1089 2897 1235 2982; x_wconf 90' lang='lat' dir='ltr'><strong>eloquar.</strong></span> 
     </span>
     <span class='ocr_line' id='line_1_22' title="bbox 110 3003 1083 3091; baseline 0.003 -24"><span class='ocrx_word' id='word_1_109' title='bbox 110 3003 177 3086; x_wconf 81' lang='lat' dir='ltr'><strong>Ego</strong></span> <span class='ocrx_word' id='word_1_110' title='bbox 200 3007 257 3091; x_wconf 90' lang='lat' dir='ltr'><strong>pol</strong></span> <span class='ocrx_word' id='word_1_111' title='bbox 279 3005 370 3072; x_wconf 92' lang='lat' dir='ltr'><strong>illum</strong></span> <span class='ocrx_word' id='word_1_112' title='bbox 392 3005 535 3070; x_wconf 84' lang='lat' dir='ltr'><strong>ulciscar</strong></span> <span class='ocrx_word' id='word_1_113' title='bbox 556 3004 654 3069; x_wconf 90' lang='lat' dir='ltr'><strong>hodie</strong></span> <span class='ocrx_word' id='word_1_114' title='bbox 677 3004 870 3070; x_wconf 86' lang='lat' dir='ltr'><strong>Thessalum</strong></span> <span class='ocrx_word' id='word_1_115' title='bbox 892 3005 1083 3086; x_wconf 83' lang='lat' dir='ltr'><strong>ueneficum,</strong></span> 
     </span>
     <span class='ocr_line' id='line_1_23' title="bbox 112 3110 1238 3200; baseline -0.001 -24"><span class='ocrx_word' id='word_1_116' title='bbox 112 3110 171 3190; x_wconf 85' lang='lat' dir='ltr'><strong>Qui</strong></span> <span class='ocrx_word' id='word_1_117' title='bbox 193 3137 350 3200; x_wconf 86' lang='lat' dir='ltr'><strong>peruerse</strong></span> <span class='ocrx_word' id='word_1_118' title='bbox 373 3113 583 3198; x_wconf 86' lang='lat' dir='ltr'><strong>perturbauit</strong></span> <span class='ocrx_word' id='word_1_119' title='bbox 605 3113 750 3178; x_wconf 85' lang='lat' dir='ltr'><strong>familiae</strong></span> <span class='ocrx_word' id='word_1_120' title='bbox 772 3121 915 3180; x_wconf 89' lang='lat' dir='ltr'><strong>mentem</strong></span> <span class='ocrx_word' id='word_1_121' title='bbox 937 3135 1038 3180; x_wconf 85' lang='lat' dir='ltr'><strong>meae.</strong></span> <span class='ocrx_word' id='word_1_122' title='bbox 1171 3124 1238 3176; x_wconf 85' lang='lat'>1060</span> 
     </span>
     <span class='ocr_line' id='line_1_24' title="bbox 113 3219 1235 3306; baseline 0.003 -22"><span class='ocrx_word' id='word_1_123' title='bbox 113 3219 173 3287; x_wconf 85' lang='lat' dir='ltr'><strong>Sed</strong></span> <span class='ocrx_word' id='word_1_124' title='bbox 193 3225 252 3289; x_wconf 91' lang='lat' dir='ltr'><strong>ubi</strong></span> <span class='ocrx_word' id='word_1_125' title='bbox 275 3223 384 3289; x_wconf 81' lang='lat' dir='ltr'><strong>illest?</strong></span> <span class='ocrx_word' id='word_1_126' title='bbox 406 3221 497 3286; x_wconf 90' lang='lat' dir='ltr'><strong>Intro</strong></span> <span class='ocrx_word' id='word_1_127' title='bbox 521 3221 637 3306; x_wconf 90' lang='lat' dir='ltr'><strong>edepol</strong></span> <span class='ocrx_word' id='word_1_128' title='bbox 661 3222 752 3302; x_wconf 90' lang='lat' dir='ltr'><strong>abiit,</strong></span> <span class='ocrx_word' id='word_1_129' title='bbox 776 3222 874 3288; x_wconf 89' lang='lat' dir='ltr'><strong>oredo</strong></span> <span class='ocrx_word' id='word_1_130' title='bbox 898 3223 939 3288; x_wconf 88' lang='lat' dir='ltr'><strong>ad</strong></span> <span class='ocrx_word' id='word_1_131' title='bbox 952 3245 1097 3302; x_wconf 80' lang='lat' dir='ltr'><strong>,uxorem</strong></span> <span class='ocrx_word' id='word_1_132' title='bbox 1119 3245 1235 3288; x_wconf 86' lang='lat' dir='ltr'><strong>meam.</strong></span> 
     </span>
     <span class='ocr_line' id='line_1_25' title="bbox 113 3326 1151 3428; baseline 0.001 -33"><span class='ocrx_word' id='word_1_133' title='bbox 113 3326 172 3406; x_wconf 85' lang='lat' dir='ltr'><strong>Qui</strong></span> <span class='ocrx_word' id='word_1_134' title='bbox 193 3355 244 3398; x_wconf 90' lang='lat' dir='ltr'><strong>me</strong></span> <span class='ocrx_word' id='word_1_135' title='bbox 268 3330 389 3397; x_wconf 87' lang='lat' dir='ltr'><strong>Thebis</strong></span> <span class='ocrx_word' id='word_1_136' title='bbox 412 3330 498 3395; x_wconf 90' lang='lat' dir='ltr'><strong>alter</strong></span> <span class='ocrx_word' id='word_1_137' title='bbox 519 3331 603 3395; x_wconf 90' lang='lat' dir='ltr'><strong>uiuit</strong></span> <span class='ocrx_word' id='word_1_138' title='bbox 626 3331 798 3428; x_wconf 77' lang='lat' dir='ltr'><strong>miserior?</strong></span> <span class='ocrx_word' id='word_1_139' title='bbox 820 3332 899 3414; x_wconf 91' lang='lat' dir='ltr'><strong>quid</strong></span> <span class='ocrx_word' id='word_1_140' title='bbox 922 3353 1008 3397; x_wconf 87' lang='lat' dir='ltr'><strong>nunc</strong></span> <span class='ocrx_word' id='word_1_141' title='bbox 1032 3333 1151 3415; x_wconf 82' lang='lat' dir='ltr'><strong>agam?</strong></span> 
     </span>
     <span class='ocr_line' id='line_1_26' title="bbox 114 3435 1136 3520; baseline 0.001 -17"><span class='ocrx_word' id='word_1_142' title='bbox 114 3435 211 3513; x_wconf 82' lang='lat' dir='ltr'><strong>Quom</strong></span> <span class='ocrx_word' id='word_1_143' title='bbox 234 3461 346 3506; x_wconf 91' lang='lat' dir='ltr'><strong>omnes</strong></span> <span class='ocrx_word' id='word_1_144' title='bbox 369 3439 527 3504; x_wconf 82' lang='lat' dir='ltr'><strong>mortales</strong></span> <span class='ocrx_word' id='word_1_145' title='bbox 549 3439 704 3520; x_wconf 84' lang='lat' dir='ltr'><strong>ignorant</strong></span> <span class='ocrx_word' id='word_1_146' title='bbox 727 3445 760 3504; x_wconf 84' lang='lat' dir='ltr'><strong>et</strong></span> <span class='ocrx_word' id='word_1_147' title='bbox 782 3439 954 3506; x_wconf 86' lang='lat' dir='ltr'><strong>ludificant</strong></span> <span class='ocrx_word' id='word_1_148' title='bbox 975 3447 1013 3506; x_wconf 92' lang='lat' dir='ltr'><strong>ut</strong></span> <span class='ocrx_word' id='word_1_149' title='bbox 1034 3441 1136 3507; x_wconf 91' lang='lat' dir='ltr'><strong>lubet.</strong></span> 
     </span>
     <span class='ocr_line' id='line_1_27' title="bbox 114 3540 1237 3634; baseline 0.006 -27"><span class='ocrx_word' id='word_1_150' title='bbox 114 3540 288 3630; x_wconf 80' lang='lat' dir='ltr'><strong>Certumst,</strong></span> <span class='ocrx_word' id='word_1_151' title='bbox 317 3549 405 3613; x_wconf 90' lang='lat' dir='ltr'><strong>intro</strong></span> <span class='ocrx_word' id='word_1_152' title='bbox 432 3568 582 3631; x_wconf 86' lang='lat' dir='ltr'><strong>rumpam</strong></span> <span class='ocrx_word' id='word_1_153' title='bbox 608 3547 642 3613; x_wconf 93' lang='lat' dir='ltr'><strong>in</strong></span> <span class='ocrx_word' id='word_1_154' title='bbox 671 3547 778 3628; x_wconf 84' lang='lat' dir='ltr'><strong>aedie3</strong></span> <span class='ocrx_word' id='word_1_155' title='bbox 808 3549 864 3614; x_wconf 92' lang='lat' dir='ltr'><strong>ubi</strong></span> <span class='ocrx_word' id='word_1_156' title='bbox 887 3551 1237 3634; x_wconf 40' lang='lat' dir='ltr'><strong>quemque-‚hominem</strong></span> 
     </span>
     <span class='ocr_line' id='line_1_28' title="bbox 827 3678 996 3742; baseline 0.018 -21"><span class='ocrx_word' id='word_1_157' title='bbox 827 3678 996 3742; x_wconf 83' lang='lat' dir='ltr'><strong>aspexero,</strong></span> 
     </span>
    </p>
   </div>
   <div class='ocr_carea' id='block_1_9' title="bbox 116 3787 1238 3862">
    <p class='ocr_par' dir='ltr' id='par_1_13' title="bbox 116 3787 1238 3862">
     <span class='ocr_line' id='line_1_29' title="bbox 116 3787 1238 3862; baseline 0.004 -19"><span class='ocrx_word' id='word_1_158' title='bbox 116 3787 177 3843; x_wconf 81' lang='grc'>1048</span> <span class='ocrx_word' id='word_1_159' title='bbox 192 3792 304 3848; x_wconf 77' lang='lat' dir='ltr'><strong>Nonius</strong></span> <span class='ocrx_word' id='word_1_160' title='bbox 311 3807 342 3860; x_wconf 79' lang='lat' dir='ltr'><strong>p.</strong></span> <span class='ocrx_word' id='word_1_161' title='bbox 358 3793 414 3845; x_wconf 74' lang='lat'><strong>453</strong></span> <span class='ocrx_word' id='word_1_162' title='bbox 427 3807 482 3860; x_wconf 72' lang='lat' dir='ltr'><strong>aq:</strong></span> <span class='ocrx_word' id='word_1_163' title='bbox 500 3791 613 3862; x_wconf 79' lang='lat' dir='ltr'><strong>Ingredi</strong></span> <span class='ocrx_word' id='word_1_164' title='bbox 627 3791 797 3860; x_wconf 77' lang='lat' dir='ltr'><strong>murelum,</strong></span> <span class='ocrx_word' id='word_1_165' title='bbox 816 3797 849 3846; x_wconf 89' lang='lat' dir='ltr'><strong>ut</strong></span> <span class='ocrx_word' id='word_1_166' title='bbox 866 3799 908 3847; x_wconf 85' lang='lat' dir='ltr'><strong>est</strong></span> <span class='ocrx_word' id='word_1_167' title='bbox 925 3793 1074 3848; x_wconf 75' lang='lat' dir='ltr'><strong>manifesta</strong></span> <span class='ocrx_word' id='word_1_168' title='bbox 1086 3793 1146 3846; x_wconf 89' lang='lat' dir='ltr'><strong>eius</strong></span> <span class='ocrx_word' id='word_1_169' title='bbox 1159 3793 1238 3848; x_wconf 86' lang='lat' dir='ltr'><strong>verbi</strong></span> 
     </span>
    </p>
   </div>
   <div class='ocr_carea' id='block_1_10' title="bbox 162 3875 1237 4033">
    <p class='ocr_par' dir='ltr' id='par_1_14' title="bbox 162 3875 1237 4033">
     <span class='ocr_line' id='line_1_30' title="bbox 162 3875 1237 3950; baseline 0.005 -20"><span class='ocrx_word' id='word_1_170' title='bbox 162 3877 343 3946; x_wconf 80' lang='lat' dir='ltr'><strong>significatio,</strong></span> <span class='ocrx_word' id='word_1_171' title='bbox 366 3875 415 3931; x_wconf 89' lang='lat' dir='ltr'><strong>sed</strong></span> <span class='ocrx_word' id='word_1_172' title='bbox 437 3884 466 3932; x_wconf 85' lang='lat' dir='ltr'><strong>et</strong></span> <span class='ocrx_word' id='word_1_173' title='bbox 487 3879 581 3932; x_wconf 82' lang='lat' dir='ltr'><strong>venire</strong></span> <span class='ocrx_word' id='word_1_174' title='bbox 603 3895 635 3932; x_wconf 85' lang='lat' dir='ltr'><strong>ao</strong></span> <span class='ocrx_word' id='word_1_175' title='bbox 658 3896 687 3933; x_wconf 88' lang='lat' dir='ltr'><strong>se</strong></span> <span class='ocrx_word' id='word_1_176' title='bbox 710 3879 858 3934; x_wconf 82' lang='lat' dir='ltr'><strong>ostendere</strong></span> <span class='ocrx_word' id='word_1_177' title='bbox 881 3881 1047 3934; x_wconf 80' lang='lat' dir='ltr'><strong>auctoritate</strong></span> <span class='ocrx_word' id='word_1_178' title='bbox 1065 3879 1157 3934; x_wconf 83' lang='lat' dir='ltr'><strong>Plauti</strong></span> <span class='ocrx_word' id='word_1_179' title='bbox 1175 3898 1237 3950; x_wconf 84' lang='lat' dir='ltr'><strong>pos·</strong></span> 
     </span>
     <span class='ocr_line' id='line_1_31' title="bbox 162 3961 850 4033; baseline 0.003 -17"><span class='ocrx_word' id='word_1_180' title='bbox 162 3977 254 4032; x_wconf 82' lang='lat' dir='ltr'><strong>snmus</strong></span> <span class='ocrx_word' id='word_1_181' title='bbox 273 3961 365 4016; x_wconf 80' lang='lat' dir='ltr'><strong>dicere</strong></span> <span class='ocrx_word' id='word_1_182' title='bbox 383 3963 412 4016; x_wconf 91' lang='lat' dir='ltr'><strong>in</strong></span> <span class='ocrx_word' id='word_1_183' title='bbox 430 3963 646 4033; x_wconf 78' lang='lat' dir='ltr'><strong>Amphitryone:</strong></span> <span class='ocrx_word' id='word_1_184' title='bbox 665 3963 780 4019; x_wconf 87' lang='lat' dir='ltr'><strong>Nihilne</strong></span> <span class='ocrx_word' id='word_1_185' title='bbox 799 3973 850 4020; x_wconf 89' lang='lat' dir='ltr'><strong>eto.</strong></span> 
     </span>
    </p>
   </div>
   <div class='ocr_carea' id='block_1_11' title="bbox 118 4043 1265 4450">
    <p class='ocr_par' dir='ltr' id='par_1_15' title="bbox 118 4043 404 4103">
     <span class='ocr_line' id='line_1_32' title="bbox 118 4043 404 4103; baseline 0.003 -3"><span class='ocrx_word' id='word_1_186' title='bbox 118 4043 177 4100; x_wconf 79' lang='lat'>1049</span> <span class='ocrx_word' id='word_1_187' title='bbox 193 4049 246 4103; x_wconf 78' lang='lat' dir='ltr'><strong>oid.</strong></span> <span class='ocrx_word' id='word_1_188' title='bbox 266 4048 305 4103; x_wconf 79' lang='lat' dir='ltr'><strong>ad</strong></span> <span class='ocrx_word' id='word_1_189' title='bbox 321 4050 404 4102; x_wconf 82' lang='lat'><strong><em>1038.</em></strong></span> 
     </span>
    </p>

    <p class='ocr_par' dir='ltr' id='par_1_16' title="bbox 118 4127 1265 4289">
     <span class='ocr_line' id='line_1_33' title="bbox 118 4127 1265 4206; baseline 0.008 -23"><span class='ocrx_word' id='word_1_190' title='bbox 118 4127 178 4183; x_wconf 82' lang='lat'>1050</span> <span class='ocrx_word' id='word_1_191' title='bbox 193 4133 306 4188; x_wconf 75' lang='lat' dir='ltr'><strong>Nonius</strong></span> <span class='ocrx_word' id='word_1_192' title='bbox 317 4149 347 4202; x_wconf 79' lang='lat' dir='ltr'><strong>p.</strong></span> <span class='ocrx_word' id='word_1_193' title='bbox 367 4135 441 4187; x_wconf 74' lang='lat'><em>285:</em></span> <span class='ocrx_word' id='word_1_194' title='bbox 467 4133 624 4189; x_wconf 79' lang='lat' dir='ltr'><strong>Decor-nere</strong></span> <span class='ocrx_word' id='word_1_195' title='bbox 647 4142 690 4189; x_wconf 85' lang='lat' dir='ltr'><strong>est</strong></span> <span class='ocrx_word' id='word_1_196' title='bbox 708 4137 889 4206; x_wconf 78' lang='lat' dir='ltr'><strong>constituere,</strong></span> <span class='ocrx_word' id='word_1_197' title='bbox 908 4137 1025 4192; x_wconf 84' lang='lat' dir='ltr'><strong>delinire</strong></span> <span class='ocrx_word' id='word_1_198' title='bbox 1120 4139 1238 4193; x_wconf 86' lang='lat' dir='ltr'><strong>Plautus</strong></span> <span class='ocrx_word' id='word_1_199' title='bbox 1262 4131 1265 4138; x_wconf 75' lang='grc'><strong>’</strong></span> 
     </span>
     <span class='ocr_line' id='line_1_34' title="bbox 163 4215 702 4289; baseline 0.007 -18"><span class='ocrx_word' id='word_1_200' title='bbox 163 4215 190 4271; x_wconf 88' lang='lat' dir='ltr'><strong>in</strong></span> <span class='ocrx_word' id='word_1_201' title='bbox 207 4219 422 4288; x_wconf 78' lang='lat' dir='ltr'><strong>Amphitryone:</strong></span> <span class='ocrx_word' id='word_1_202' title='bbox 440 4218 493 4286; x_wconf 77' lang='lat' dir='ltr'><strong>Qui</strong></span> <span class='ocrx_word' id='word_1_203' title='bbox 511 4237 632 4289; x_wconf 86' lang='lat' dir='ltr'><strong>nequeas</strong></span> <span class='ocrx_word' id='word_1_204' title='bbox 651 4225 702 4275; x_wconf 85' lang='lat' dir='ltr'><strong>eto.</strong></span> 
     </span>
    </p>

    <p class='ocr_par' dir='ltr' id='par_1_17' title="bbox 120 4297 1237 4450">
     <span class='ocr_line' id='line_1_35' title="bbox 120 4297 1237 4381; baseline 0.011 -28"><span class='ocrx_word' id='word_1_205' title='bbox 120 4297 176 4355; x_wconf 74' lang='lat'>1051</span> <span class='ocrx_word' id='word_1_206' title='bbox 194 4319 246 4357; x_wconf 84' lang='lat' dir='ltr'><strong>uos</strong></span> <span class='ocrx_word' id='word_1_207' title='bbox 263 4305 369 4373; x_wconf 77' lang='lat' dir='ltr'><strong>parcite</strong></span> <span class='ocrx_word' id='word_1_208' title='bbox 439 4309 506 4362; x_wconf 81' lang='lat'>1054</span> <span class='ocrx_word' id='word_1_209' title='bbox 528 4308 596 4375; x_wconf 87' lang='lat' dir='ltr'><strong>quin</strong></span> <span class='ocrx_word' id='word_1_210' title='bbox 672 4309 738 4361; x_wconf 76' lang='grc'>1056</span> <span class='ocrx_word' id='word_1_211' title='bbox 761 4325 813 4379; x_wconf 77' lang='lat' dir='ltr'><strong>ego</strong></span> <span class='ocrx_word' id='word_1_212' title='bbox 838 4327 919 4380; x_wconf 87' lang='lat' dir='ltr'><strong>quern</strong></span> <span class='ocrx_word' id='word_1_213' title='bbox 992 4313 1058 4367; x_wconf 80' lang='grc'>1051</span> <span class='ocrx_word' id='word_1_214' title='bbox 1080 4309 1237 4381; x_wconf 88' lang='lat' dir='ltr'><strong>Numquem</strong></span> 
     </span>
     <span class='ocr_line' id='line_1_36' title="bbox 163 4385 867 4450; baseline 0.013 -10"><span class='ocrx_word' id='word_1_215' title='bbox 163 4385 316 4444; x_wconf 83' lang='lat' dir='ltr'><strong>ludifioeuit</strong></span> <span class='ocrx_word' id='word_1_216' title='bbox 377 4393 443 4447; x_wconf 82' lang='grc'>1068</span> <span class='ocrx_word' id='word_1_217' title='bbox 460 4391 533 4448; x_wconf 83' lang='lat' dir='ltr'><strong>Nam</strong></span> <span class='ocrx_word' id='word_1_218' title='bbox 551 4395 606 4446; x_wconf 83' lang='lat' dir='ltr'><strong>iam</strong></span> <span class='ocrx_word' id='word_1_219' title='bbox 669 4395 735 4448; x_wconf 83' lang='lat'>1064</span> <span class='ocrx_word' id='word_1_220' title='bbox 753 4394 867 4450; x_wconf 86' lang='lat' dir='ltr'><strong>aedibus</strong></span> 
     </span>
    </p>
   </div>
   <div class='ocr_carea' id='block_1_12' title="bbox 998 4501 1029 4552">
    <p class='ocr_par' dir='ltr' id='par_1_18' title="bbox 998 4501 1029 4552">
     <span class='ocr_line' id='line_1_37' title="bbox 998 4501 1029 4552; baseline 0 -22"><span class='ocrx_word' id='word_1_221' title='bbox 998 4501 1029 4552; x_wconf 70' lang='lat'><strong>5*</strong></span> 
     </span>
    </p>
   </div>
   <div class='ocr_carea' id='block_1_13' title="bbox 0 0 1516 5054">
    <p class='ocr_par' dir='ltr' id='par_1_19' title="bbox 0 0 1516 5054">
     <span class='ocr_line' id='line_1_38' title="bbox 0 0 1516 5054; baseline 0 0"><span class='ocrx_word' id='word_1_222' title='bbox 0 0 1516 5054; x_wconf 95' lang='lat' dir='ltr'><strong> </strong></span> 
     </span>
    </p>
   </div>
  </div>
 </body>
</html>
