2992 5054
239 497 278 558 72
754 487 845 540 Plauti
1169 485 1370 554 uum-aa

239 680 331 745 Gitus
355 701 372 745 e
395 679 487 744 eunie
511 679 611 758 exilit,
634 677 715 743 feeit
737 684 828 742 reeta
850 677 884 741 in
908 677 1024 760 anguis
1049 677 1210 760 inpetum:

237 788 386 854 Alterum
408 787 514 853 altera
535 786 709 872 prehendit
731 805 787 850 eoe
810 807 909 850 manu
930 784 1116 868 perniciter.

684 893 921 977 Amphitruo

238 1005 323 1070 Mira
345 1023 522 1084 memorae3
544 1003 640 1067 nimis
662 1000 910 1067 formidolosum
932 1001 1061 1066 facinus
1084 1000 1269 1084 praedicam

237 1114 321 1178 Nam
343 1113 423 1178 mihi
444 1109 561 1177 horror
583 1111 731 1177 membra
754 1109 871 1175 misero
895 1109 1038 1193 percipit
1059 1107 1155 1174 dietis
1177 1109 1251 1174 tuis.

239 1220 323 1298 Quid
347 1219 384 1285 fit
406 1219 545 1285 deinde?
568 1240 666 1304 porro
688 1219 832 1303 loquere.

721 1326 882 1392 Bromia

786 1436 881 1500 Puer'
895 1435 993 1500 ambo
1016 1434 1132 1518 anguis
1154 1435 1273 1499 enicat.
1296 1443 1368 1528 1116

238 1544 324 1609 Dum
344 1539 433 1609 haee
451 1551 603 1628 aguntur,
626 1565 707 1610 uoee
731 1544 823 1608 clara
844 1543 1003 1608 inclamat
1023 1563 1159 1608 uxorem
1180 1549 1271 1608 tuem

683 1674 922 1757 Amphitruo

238 1760 317 1840 Quis
338 1759 457 1826 homo?

721 1866 881 1934 Bromia

391 1975 541 2042 Summus
563 1977 744 2058 imperator
766 1975 877 2040 diuom
900 1982 1000 2059 atque
1022 1974 1189 2041 hominum
1205 1973 1370 2059 Iuppiter.

236 2085 270 2151 Ie
292 2105 327 2150 ee
350 2083 433 2148 dixit
454 2103 528 2147 eum
550 2082 729 2147 Alcumena
752 2083 837 2148 clem
859 2089 1051 2148 consuetum
1074 2082 1249 2162 cubitibus,

236 2189 386 2276 Eumque
408 2190 511 2256 filium
533 2212 628 2258 suum
650 2213 732 2272 esee,
755 2192 811 2275 qui
832 2191 907 2256 illos
929 2192 1045 2274 anguis
1066 2190 1202 2271 uieerit;

237 2301 385 2366 Alterum
406 2305 500 2366 tuum
523 2319 594 2365 esee
617 2298 700 2364 dixit
721 2321 867 2384 puerum.

684 2405 919 2492 Amphitruo

850 2514 983 2582 Polme
1005 2514 1094 2582 haud
1116 2516 1274 2601 paenitet,
1300 2525 1373 2580 1140

237 2624 271 2688 Si
293 2624 372 2688 licet
393 2621 471 2688 beni
493 2622 662 2686 dimidium
685 2622 766 2688 mihi
788 2623 935 2689 diuidere
958 2645 1030 2689 eum
1054 2622 1143 2690 Ioue.

235 2731 299 2797 Abi
321 2731 462 2810 domum,
485 2729 561 2796 iube
584 2751 667 2795 uasa
690 2752 773 2813 pura
794 2739 940 2797 actutum
963 2731 1118 2798 adornari
1139 2730 1228 2813 mihi,

236 2839 281 2906 Ut
302 2839 390 2904 louis
413 2839 556 2922 supremi
577 2839 687 2904 multis
710 2839 826 2904 hostiis
849 2861 967 2924 pacem
989 2849 1149 2926 expetam.

236 2948 306 3032 Ege
328 2947 487 3012 Tiresiam
510 2947 730 3013 coniectorem
752 2947 921 3014 aduoeebo
946 2955 978 3014 et
1000 2949 1179 3029 consulam,

236 3056 323 3136 Quid
349 3053 540 3122 faciundum
569 3061 718 3136 censeat,
747 3057 844 3122 eimul
872 3057 959 3122 hane
986 3080 1056 3123 rem
1070 3065 1121 3126 ut
1146 3058 1270 3123 famast
1298 3059 1369 3124 ele·

954 3187 1046 3250 quar,
1299 3168 1369 3220 1145

238 3271 302 3336 Sed
314 3272 392 3356 quid
404 3271 490 3336 hoe?
507 3293 606 3356 quam
617 3271 728 3337 ualide
739 3273 860 3362 tonuit!
879 3273 921 3354 di,
938 3273 1074 3340 obsecro
1092 3279 1238 3339 uostram
1253 3273 1366 3340 fidem.

698 3497 902 3506 ----

543 3658 751 3725 IUPPITER.
796 3661 1058 3728 AMPHITRUO.

707 3813 750 3879 Iu
813 3816 893 3880 iter

237 3920 329 3986 Bono
352 3921 460 3987 anime
484 3943 536 4002 ee;
558 3922 673 3987 adeum
696 3835 827 4003 auxilii),
849 3923 1054 4008 Amphitruo,
1077 3925 1139 3991 tibi
1162 3931 1195 3991 et
1215 3926 1290 3990 tuis.

237 4027 326 4093 Nihil
348 4034 399 4093 est
422 4031 510 4112 quod
532 4031 664 4112 timeae3
685 4030 841 4112 hariolos²
862 4031 1054 4118 haruspices
1145 4112 1147 4116 .

236 4373 265 4422 ee
308 4285 372 4380 ildl
385 4287 517 4353 proxim
529 4287 711 4354 postponitur
763 4290 830 4342 1135
847 4289 883 4343 eit
937 4289 1003 4343 1138
1021 4289 1159 4344 eubilibus
1215 4291 1282 4343 1114
1299 4290 1367 4362 Ege

282 4385 327 4422 rea
344 4384 400 4424 ram
