2956 5018
109 495 343 568 macl-at
633 498 768 554 Adnuria
1197 509 1258 572 127

151 685 258 764 Quod
282 651 346 754 illa
368 691 479 754 autem
501 686 640 768 simulet,
663 689 758 770 quasi
780 688 926 772 grauedo
949 689 1103 774 profluet,

150 792 232 860 Hoc
256 817 307 862 ne
328 796 377 862 sic
398 795 518 878 faciat3
540 802 578 860 tu
600 794 756 860 labellum
779 796 970 881 abstergeas
1205 801 1257 856 790

149 901 280 969 Potius
306 923 404 988 quam
426 904 606 989 quoiquam
627 903 755 968 sauium
777 903 879 970 iaciat
900 905 1021 991 palem.

148 1009 228 1076 Nec
252 1017 367 1078 mater
388 1011 465 1078 lena
487 1012 531 1077 ad
552 1011 666 1076 uiuum
688 1010 826 1078 accedat
847 1013 989 1095 interim,

147 1117 282 1203 Neque
304 1119 365 1186 ulli
385 1119 489 1187 uerbo
511 1119 599 1186 male
621 1118 727 1198 dicat;
751 1117 780 1182 si
802 1118 930 1202 dixerit,

149 1224 256 1292 Haec
282 1229 389 1296 multa
409 1229 442 1294 ei
463 1233 546 1310 esto,
567 1227 645 1294 uino
667 1225 786 1310 uiginti
809 1227 880 1294 dies

148 1332 200 1399 Ut
225 1333 369 1402 careat!

591 1441 790 1511 Diabolus

372 1551 490 1617 Pulcre
512 1550 660 1634 scripeti3
684 1551 805 1616 scitum
827 1551 1057 1636 syngraphum.
1204 1563 1257 1620 '795

582 1657 812 1724 Parasitus·

149 1765 258 1831 ‘Tum
281 1767 312 1832 si
333 1786 482 1846 coronas,
503 1770 604 1848 serta,
624 1771 794 1851 unguenta
814 1766 950 1834 iusserit

150 1873 331 1939 Ancillam
351 1872 437 1939 ferre
458 1872 582 1938 Ueneri
604 1879 663 1940 aut
685 1873 848 1958 Cupidini,

151 1981 254 2047 Tuus
276 2002 390 2048 seruos
412 1987 532 2062 seruet,
553 1980 718 2048 Uenerius
741 2003 798 2047 eas
822 1981 879 2048 det
899 2003 942 2048 au
963 1985 1047 2050 uiro.

140 2087 193 2154 ·Si
216 2089 309 2156 felte
331 2109 413 2172 pure
427 2089 521 2178 ,uelle
543 2087 667 2156 habere
691 2089 820 2171 dixerit,
1072 2161 1075 2168 Ι

154 2195 227 2264 Tot
249 2197 358 2262 noctis
379 2195 497 2261 reddat
519 2215 668 2280 spureae,
691 2203 772 2280 quot
792 2219 875 2282 pure
897 2198 1072 2266 habuerit!
1202 2208 1256 2262 800

153 2304 259 2370 Haec
282 2310 358 2370 sunt
379 2325 446 2369 nou
468 2324 591 2386 nugae3
614 2326 680 2369 non
703 2306 789 2370 enim
811 2305 997 2372 mortualia.

590 2411 789 2478 Diabolus

154 2517 303 2585 Placent
323 2518 473 2604 profecto
495 2520 600 2604 leges3
624 2541 762 2603 sequere
783 2521 882 2586 intro.
1016 2580 1019 2586 .

581 2625 793 2694 Parasitus

894 2736 1030 2822 Sequor.

325 3119 606 3188 ADULESCENS
628 3121 684 3186 ET
706 3117 951 3187 PARASITUS.
997 3119 1056 3186 DV

591 3273 788 3340 Diabolus

161 3381 310 3465 Sequere
331 3379 404 3446 hac.
437 3381 551 3465 Egone
573 3381 658 3448 haec
679 3381 789 3466 patiar
811 3386 871 3446 aut
890 3381 1043 3446 taceam?
1064 3379 1179 3448 Emori

160 3489 219 3554 Me
241 3489 363 3570 malim,
385 3509 484 3571 quam
505 3489 588 3555 haec
608 3511 675 3555 non
698 3489 768 3555 eius
790 3489 886 3554 uxoui
906 3487 1058 3554 indicem.

162 3597 217 3661 An
237 3601 276 3662 tu
297 3594 386 3680 apud
407 3597 548 3662 amicam
569 3618 688 3663 munus
711 3595 953 3662 adulescentuli
1201 3595 1255 3650 805

161 3703 327 3786 Fungare,
349 3703 445 3768 uxori
467 3725 605 3770 excuses
626 3712 661 3770 te
683 3710 717 3770 et
739 3703 832 3769 dicas
854 3703 990 3769 senem?

162 3811 351 3896 Praeripias
373 3816 520 3876 scortum
541 3812 668 3878 amanti
690 3817 791 3896 atque
813 3816 988 3894 argeutum
1010 3809 1136 3876 obicias

163 3917 298 3983 Lenaei
320 3917 465 4002 suppiles
488 3919 572 3984 clam
594 3920 683 3985 domi
705 3938 842 3985 uxorem
862 3918 977 4014 tuam?

165 4023 372 4108 Suspendam
393 4025 505 4109 potius
527 4046 588 4107 me,
612 4047 713 4111 quam
733 4025 840 4092 tacita
860 4025 944 4090 haec
966 4023 1107 4090 auferas.

192 4277 245 4331 795
262 4277 375 4346 scriptis
434 4280 487 4332 800
503 4293 588 4347 puras
650 4278 688 4334 In
705 4281 785 4334 titulo
802 4277 878 4334 DVO
938 4279 990 4334 805
1007 4277 1065 4333 Ain
1121 4279 1174 4333 8⁰8
1190 4295 1254 4349 sup·

122 4361 212 4433 pelles
275 4363 327 4416 809
344 4361 504 4432 Suspendas
547 4364 636 4418 tacita
652 4369 684 4417 tu
700 4365 762 4418 haec
