2968 5030
584 515 618 570 V.
637 515 781 570 tea—764.
885 525 891 542 ¹
1187 519 1250 580 419

118 695 325 772 749.'Hiatur
347 715 378 769 et
400 715 469 768 ante
496 707 683 784 ,hominem“
711 715 740 768 et
761 715 831 788 post
848 709 927 768 idem
943 729 1022 782 voe.;
1044 707 1091 768 Fl.
1119 709 1176 783 ,ad
1198 707 1248 768 sa“

117 815 236 874 addidit
263 819 334 892 post
365 810 516 887 ,mittat“.
561 812 705 872 Abundat
732 814 850 871 omnino
879 811 941 870 haea
964 812 1103 889 scriptio,
1126 811 1251 872 utalia

117 917 251 976 eiusdem
275 917 400 992 generis,
423 915 565 989 hiatibus,
588 935 616 973 v.
635 913 755 990 Proleg.
773 935 802 993 p.
822 917 893 973 218.
912 945 954 954 -
976 909 1131 974 hominem
1153 912 1250 975 nemi-

117 1036 203 1094 nem,
238 1019 276 1078 ai.
304 1019 372 1077 Ter.
401 1017 477 1077 Eun.
509 1019 580 1078 549.
626 1017 686 1078 cic.
715 1017 785 1076 Nat.
815 1018 896 1076 deor.
924 1017 954 1091 Ι,
979 1018 1033 1090 28,
1059 1017 1108 1076 78.
1139 1019 1178 1077 01.
1207 1049 1249 1060 -

118 1125 188 1182 750.
216 1116 309 1199 Quod
334 1141 399 1180 eum
429 1123 618 1180 coniunctivo
647 1121 678 1178 in
700 1121 756 1180 hoe
779 1141 867 1180 versu
890 1126 920 1179 et
942 1120 1134 1197 sequentibus
1156 1141 1250 1198 usque

116 1226 154 1284 ad
178 1225 240 1284 789
263 1225 327 1283 fere
348 1223 428 1282 idem
456 1228 502 1282 est
530 1221 611 1301 quod
640 1224 776 1300 quamvis
806 1228 858 1282 aut
886 1225 1016 1296 etiamsi,
1041 1223 1076 1282 ef.
1100 1223 1167 1283 Aul.
1194 1225 1248 1283 91:

120 1328 225 1404 ,Quod
260 1327 409 1406 quispiam
443 1327 543 1404 ignem
572 1331 703 1403 querat,
739 1327 875 1402 extingui
904 1323 1004 1394 uoloss‘.
1051 1325 1147 1385 Casin.
1174 1328 1248 1386 127:

120 1431 220 1510 ,quod
247 1435 278 1488 te
307 1428 443 1507 postules
472 1433 594 1504 gustare
623 1425 817 1507 quidquam“.
862 1427 926 1487 Mil.
955 1429 1029 1486 162:
1067 1427 1172 1502 „Quod
1198 1429 1250 1488 ille

115 1535 261 1612 gallinam
284 1536 336 1591 aut
358 1530 525 1590 columbam
549 1551 580 1589 se
603 1533 712 1590 sectari
735 1536 788 1590 aut
804 1533 921 1590 simiam
940 1529 1050 1590 dieat“.
1086 1531 1153 1590 Ter.
1171 1529 1248 1590 Eun.

117 1639 194 1697 785:
224 1633 316 1709 „Sane
340 1632 419 1710 quod
443 1631 498 1690 tihi
521 1653 600 1692 nune
622 1637 671 1693 uir
687 1631 827 1692 uideatur
845 1653 907 1692 esse
924 1634 981 1707 hia,
999 1633 1109 1692 nebulo
1126 1652 1250 1709 magnus

116 1737 198 1812 est“;
230 1737 269 1796 ad
299 1756 386 1814 quem
414 1736 512 1796 locum
535 1733 673 1795 Donatus
702 1739 746 1796 ait
774 1735 953 1795 audiendum
982 1757 1045 1794 esse
1072 1757 1150 1810 ,non
1174 1735 1248 1795 est“.

115 1844 156 1902 ib.
182 1841 281 1904 1064:
310 1838 408 1915 „quod
430 1838 512 1896 dices
535 1839 607 1897 mihi
635 1839 743 1912 ,elium
766 1840 955 1917 quaerebam,
979 1843 1037 1898 iter
1059 1839 1114 1898 hae
1136 1837 1246 1897 habui“

115 1941 266 2024 periisti“.
312 1940 619 2020 0100010000,
646 1943 715 2001 175.
760 1942 804 2015 11,
832 1944 884 2016 13,
910 1945 959 2000 33.
999 1942 1098 2000 Pison.
1123 1942 1172 2014 27,
1198 1942 1248 1999 66.

115 2049 255 2106 Imitatus
284 2049 330 2102 est
351 2042 467 2102 Fronto
497 2043 537 2121 de,
556 2043 738 2122 Eloquentia
761 2047 794 2118 3,
821 2048 837 2104 3
864 2043 905 2122 (p.
930 2047 968 2103 83
993 2039 1108 2116 Nieb.):
1144 2043 1250 2118 ,Quod

117 2152 183 2228 quis
207 2143 318 2207 dicat“.
352 2144 409 2222 Ep.
428 2144 637 2221 adAmioosI,
659 2149 706 2222 11,
729 2150 742 2206 l
770 2145 813 2226 (p.
834 2144 924 2220 196):
952 2146 1056 2220 ,Quod
1079 2153 1112 2206 tu
1136 2143 1247 2205 dieas“.

116 2253 210 2313 Laud.
234 2249 411 2328 Neglegeut.
437 2251 454 2306 3
480 2245 523 2326 (p
547 2245 639 2324 259):
669 2249 774 2323 „Quod
797 2256 894 2310 autam
918 2252 984 2327 quis
1007 2250 1135 2308 intutam
1161 2294 1246 2307 ....

116 2354 336 2432 neglegentiam
369 2349 487 2428 putet“.
534 2350 576 2411 cf.
607 2351 689 2428 Key,
724 2353 814 2412 Latin
844 2351 1000 2412 Grammar
1033 2348 1049 2426 ἓ
1080 2351 1172 2410 1454.
1206 2381 1249 2390 -

117 2455 256 2517 nominet
289 2456 349 2514 iam
378 2455 410 2512 in
439 2453 504 2512 cod.
527 2453 590 2513 Pal.
617 2458 633 2514 5
663 2457 863 2516 emendatum.
893 2485 936 2496 —
965 2456 1036 2513 751.
1060 2454 1119 2512 Pro
1149 2449 1249 2513 000100

115 2563 174 2620 iam
197 2561 316 2636 antiqui
339 2556 405 2614 add.
430 2552 547 2617 amicae
570 2573 661 2632 0200,
686 2558 766 2635 quod
789 2558 1025 2636 supplementum
1055 2559 1166 2615 retinui
1189 2577 1249 2616 non

113 2665 215 2722 hiatus
255 2659 430 2718 removendi
470 2679 574 2733 eausa,
611 2660 664 2718 sed
696 2681 734 2718 na
768 2661 884 2719 deesset
916 2659 1031 2736 syllaba
1064 2659 1173 2718 versui.
1208 2689 1249 2699 -

115 2769 185 2825 755.
210 2763 322 2822 Hiatur
344 2767 375 2820 et
397 2767 468 2839 post
489 2755 541 2822 Ne
569 2768 599 2821 et
627 2768 698 2840 post
726 2743 924 2841 quietantiis
953 2760 1095 2838 cessura),
1124 2763 1248 2822 Bitschl.

117 2865 197 2942 ,illi“
225 2865 359 2925 addebat
381 2870 450 2923 ante
476 2861 591 2938 „ulla“;
622 2865 805 2942 antiquiores
838 2865 1004 2944 „uspiam“.
1028 2897 1071 2906 -
1094 2868 1165 2926 756.
1195 2860 1249 2927 Ce-

113 2971 184 3031 0060
208 2963 325 3041 tabula,
348 2969 379 3025 in
402 2987 462 3046 qua
484 2967 727 3047 epistula‘soribi
749 2970 855 3045 possit.
891 2969 976 3041 Quod
993 2971 1106 3028 veritus
1124 2968 1250 3028 ridicule

114 3075 204 3132 etiam
234 3077 331 3143 vetat,
361 3091 398 3128 ne
427 3070 538 3129 tabnlae
568 3071 644 3129 aeris
672 3071 759 3149 pietas
782 3073 813 3130 in
836 3071 950 3130 aedibus
973 3073 1045 3144 siut,
1071 3074 1156 3149 quasi
1179 3071 1250 3130 inde

114 3181 234 3235 tantum
259 3193 335 3233 seras
357 3171 463 3232 abradi
491 3175 603 3251 possit,
634 3173 713 3250 quod
742 3175 815 3233 satis
844 3177 884 3232 sit
911 3175 948 3232 ad
976 3175 1093 3234 litteras
1123 3175 1250 3232 amatori

114 3278 296 3338 scribendas.
340 3275 447 3352 Itaque
476 3275 594 3334 tabulas
616 3277 692 3335 ceris
714 3278 810 3354 pictas
840 3271 980 3351 lsttttiles,
1008 3278 1026 3335 i.
1051 3297 1076 3334 e.
1099 3281 1248 3350 nocentes,
1360 3354 1364 3364 ι

114 3381 203 3453 dicit,
227 3399 293 3456 quae
316 3381 347 3437 in
370 3377 505 3438 tentoriis
527 3379 677 3456 parietum
700 3379 784 3456 pieta
806 3384 891 3450 sunt,
915 3401 950 3438 ea
974 3400 1027 3438 nec
1051 3379 1173 3437 damnat
1195 3399 1249 3436 nee

112 3483 264 3562 prohibet.
298 3480 344 3540 Do
368 3483 487 3540 ratione
510 3501 579 3540 aera
600 3481 744 3560 pingendi
767 3489 797 3541 06
819 3487 916 3541 cestro
934 3481 1073 3541 inurendi
1089 3481 1249 3554 v.Miiller,

112 3585 259 3645 Arehaeol.
291 3579 308 3658 ᾗ
339 3586 414 3657 320,
446 3585 473 3642 3.
508 3615 551 3624 -
585 3588 657 3646 757.
686 3581 721 3644 in
749 3581 940 3663 quadriduO,
969 3585 1006 3643 ef.
1036 3583 1144 3643 Pseud.
1177 3585 1265 3644 316.-

112 3690 194 3748 Pers.
220 3689 270 3747 38.
295 3717 337 3726 -
361 3687 431 3746 758.
457 3702 517 3763 quo
541 3703 593 3764 ex,
619 3689 808 3767 anastrophe,
832 3688 893 3748 vid.
919 3687 958 3746 ad
976 3688 1085 3766 Amph.
1112 3687 1184 3747 234.
1210 3717 1249 3727 --

114 3794 185 3850 759.
212 3785 301 3849 Tuus
329 3785 501 3849 arbitratus
529 3787 587 3867 st,
616 3793 636 3848 i.
660 3813 685 3850 e.
715 3797 748 3851 tu
776 3791 890 3850 arbiter
918 3796 995 3864 esto,
1027 3810 1111 3868 ages,
1135 3795 1170 3849 ut
1192 3791 1249 3849 tihi

112 3893 237 3966 libebit3
267 3893 302 3952 as.
327 3891 405 3950 Rud.
432 3893 527 3951 1355:
567 3894 672 3967 „Meus
707 3894 900 3968 arbitratum,
930 3895 1033 3969 lingua
1062 3893 1142 3970 quod
1168 3894 1250 3952 iuret

112 3992 216 4055 mea“.'
228 4027 271 4036 —
287 3994 351 4054 Vsa.
372 3997 518 4055 758-60
537 3995 624 4056 affert
635 3997 750 4057 Nonius
772 4018 802 4075 p.
824 3999 883 4056 190
903 3996 1062 4056 admodum
1080 4001 1248 4074 corruptos.

112 4131 155 4140 -
178 4101 250 4158 762.
275 4113 382 4158 aarum
405 4105 435 4157 et
457 4093 573 4159 adiciat
594 4099 664 4158 olim
688 4099 888 4159 emendatum.
933 4099 1006 4158 Post
1033 4115 1123 4178 quem
1150 4099 1249 4157 hiatus

114 4205 144 4260 in
173 4221 300 4274 casura3
328 4201 417 4261 Both.
448 4201 493 4260 Fl.
526 4199 755 4281 ,quemquam“,
784 4207 820 4262 06
849 4205 920 4262 772.
954 4231 998 4240 -
1032 4203 1103 4260 764,
1135 4195 1249 4261 Tecum

116 4319 220 4380 aeque,
244 4304 280 4363 af.
304 4303 372 4363 Ter.
397 4304 516 4363 Phorm
539 4307 637 4364 1032:
664 4305 760 4380 ,Noui
784 4325 877 4383 aeque
900 4306 1001 4364 omnia
1022 4301 1151 4364 tecum“.
1188 4303 1249 4361 Nee

118 4407 245 4482 „Tecum
273 4405 351 4467 una“
382 4407 473 4466 hebet
501 4406 580 4485 quod
612 4407 761 4484 offendat3
795 4408 847 4468 sed
881 4406 961 4485 quod
994 4409 1130 4486 sequitur
1152 4399 1249 4482 pocla
1334 4458 1339 4472 .

993 4521 1042 4577 27*
