2956 5018
746 461 841 518 Plauti
1177 461 1251 530 Η,
1263 457 1384 516 'te—88
1460 489 1461 492 ¹

685 651 904 720 Artemona

605 760 701 828 Nunc
722 781 858 826 uxorem
880 781 931 825 me
954 779 1026 824 esse
1048 759 1224 824 meministi
1248 757 1384 824 tuam?

227 871 336 962 Modo,
359 891 459 958 quom
482 869 572 936 dicta
592 869 627 934 in
649 891 701 936 me
723 867 906 953 ingerebas,
931 866 1049 948 odium,
1071 886 1138 932 non
1155 887 1240 932 uxor
1264 886 1382 946 eram

661 999 931 1065 Demaenetus

228 1088 330 1156 Totus
350 1086 444 1174 perii.

686 1192 906 1259 Artemona

455 1300 542 1381 Quid
563 1299 720 1368 tandem?
741 1299 860 1364 Anima
880 1298 1027 1366 foetetne
1048 1300 1161 1365 uxoris
1182 1297 1293 1364 tuae?

461 1441 464 1448 '
661 1431 930 1498 Demaenetus

228 1518 374 1604 Myrram
396 1517 472 1585 olet.

688 1624 905 1689 Artemona

451 1732 523 1798 Iam
545 1731 737 1816 subripuisti
759 1730 883 1815 pallam
905 1751 1004 1816 quam
1025 1737 1136 1798 scorto
1159 1731 1286 1797 dares?
1320 1739 1381 1792 920

668 1838 920 1904 Philaenium

229 1949 372 2016 Ecastor
393 1949 450 2034 qui
470 1948 703 2032 subrepturum
725 1945 849 2032 pallam
870 1946 1021 2030 promisit
1042 1946 1113 2012 tibi.

661 2054 930 2120 Demaenetus

228 2141 304 2210 Non
325 2141 439 2209 taces?

316 2347 320 2354 Ι
667 2247 920 2332 Argyrippus

455 2355 526 2439 Ego
550 2355 793 2436 dissuadebam,
816 2361 931 2420 mater.

687 2486 904 2552 Artemona

950 2592 1080 2659 Bellum
1100 2593 1212 2661 filium.

229 2701 390 2767 Istoscino
411 2705 540 2783 patrem
562 2720 702 2784 aequom
724 2707 848 2766 morast
869 2699 983 2766 liberis
1005 2691 1180 2786 largirier?

229 2807 362 2874 Nihilne
384 2813 418 2874 te
439 2807 565 2892 pudet?

659 2915 931 2982 Demaenetus

551 3021 612 3088 Pol
634 3024 663 3089 si
685 3023 776 3088 aliud
797 3023 880 3090 nihil
902 3023 955 3105 sit,
977 3023 1026 3089 tui
1047 3045 1109 3105 me,
1132 3045 1224 3105 uxor,
1246 3024 1365 3109 pudet.

686 3131 908 3196 Artemona

231 3240 323 3305 Cano
347 3239 454 3322 capite
476 3243 509 3304 te
532 3237 686 3304 cuculum
706 3259 790 3304 uxor
812 3259 852 3304 ex
873 3239 988 3305 lustris
1010 3240 1107 3325 rapit.
1312 3238 1366 3294 925

662 3344 932 3413 Demaenetus

229 3453 305 3522 Non
331 3452 411 3519 licet
439 3473 572 3520 manere
594 3487 638 3498 -
660 3473 743 3520 cena
765 3455 919 3539 coquitur
939 3487 983 3499 -
1005 3453 1082 3520 dum
1105 3473 1218 3520 cenem
1239 3453 1364 3522 modo?

690 3560 909 3626 Artemona

229 3669 371 3736 Ecastor
394 3668 527 3734 cenabis
550 3667 657 3750 hodie,
679 3673 718 3733 ut
741 3673 769 3733 te
792 3667 966 3752 dignumst,
988 3687 1143 3750 magnum
1164 3669 1295 3735 malum.

664 3774 932 3842 Demaenetus

230 3883 318 3950 Male
341 3882 576 3964 eubandumst;
597 3883 780 3950 iudicatum
801 3905 854 3950 me
875 3905 960 3950 uxor
981 3883 1117 3950 abducit
1138 3883 1279 3950 domum.

671 3991 921 4076 Argyrippus

230 4098 399 4177 Dicebam,
421 4102 525 4182 pater,
549 4097 612 4162 tibi
633 4117 676 4164 ne
698 4099 796 4163 matri
818 4098 1008 4165 consuleres
1031 4100 1127 4166 male.

300 4327 351 4380 924
368 4331 446 4382 tume
514 4329 565 4383 926
583 4332 615 4382 ut
632 4326 751 4398 dignum
768 4333 811 4383 est
881 4331 932 4384 928
950 4329 1065 4386 adducit
