2992 5054
119 559 154 626 ΙΙ,
172 563 195 626 l,
207 560 311 613 (to-73
598 560 775 629 Amphitruo.

570 748 809 833 Amphitruo

119 859 200 936 Quis
224 865 258 922 te
281 857 493 922 uerberauit?

631 966 746 1031 Sosia

503 1074 642 1156 Egomet
663 1081 791 1156 memet,
815 1077 872 1159 qui
894 1097 980 1141 nune
1003 1099 1075 1142 sum
1097 1077 1195 1141 domi.

509 1257 511 1261 ⁸
572 1183 807 1266 Amphitruo
830 1175 833 1182 ’

118 1292 208 1357 Caue
233 1293 419 1376 quiequam,
443 1292 506 1356 nisi
528 1291 617 1377 quod
638 1292 763 1374 rogabo
786 1298 828 1374 te,
851 1292 930 1358 mihi
952 1293 1171 1378 responderie.

119 1399 275 1465 Omnium
298 1401 438 1483 primum
460 1401 523 1465 iste
547 1401 603 1485 qui
626 1402 669 1465 sit
692 1401 796 1482 Sosia,
817 1400 881 1467 hoe
904 1402 968 1466 diei
991 1402 1077 1468 uolo.

630 1509 747 1575 Sosia

118 1597 209 1662 Tuus
234 1603 286 1661 est
305 1616 427 1660 seruos,

568 1703 808 1787 Amphitruo

430 1811 512 1875 Mihi
529 1811 661 1896 quidem
677 1835 742 1878 uuo
760 1819 793 1876 te
812 1811 885 1894 plus
903 1813 1034 1878 etiamst
1051 1833 1149 1898 quem
1164 1813 1251 1892 uolo,

117 1918 245 2002 Neque,
257 1923 432 2004 postquam
449 1941 520 1984 sum
532 1926 659 2002 gnatus,
670 1920 771 1985 habui
783 1921 847 1985 uiei
858 1926 891 1985 te
903 1943 1034 1986 seruom
1045 1922 1182 1987 Sosiam.
1201 1930 1252 1984 605

629 2014 746 2093 Sosia

116 2135 164 2200 At
187 2155 247 2217 ego
270 2157 367 2217 nune,
389 2137 593 2220 Amphitruo,
617 2137 705 2202 dieo:
730 2137 857 2202 Sosiam
879 2157 1008 2202 seruum
1031 2145 1124 2204 tuum

116 2243 258 2308 Praeter
280 2266 331 2309 me
354 2246 505 2326 alterum,
527 2245 678 2328 iuquam,
702 2245 880 2310 adueniens
902 2243 1022 2310 faeiem
1044 2252 1082 2310 ut
1104 2243 1251 2311 offendas

842 2354 939 2432 domi,
1109 2337 1111 2342 ‘

118 2460 216 2524 Dauo
230 2467 427 2544 prognatum
440 2467 534 2544 petre
546 2461 661 2526 eodem
673 2484 737 2546 quo
750 2481 810 2544 ego
823 2485 903 2542 sum,
915 2462 1029 2541 forma,
1042 2467 1150 2527 aetate
1162 2461 1250 2542 item,

120 2568 193 2646 Qua
210 2587 270 2649 ego
289 2589 368 2633 sum.
401 2568 486 2647 Quid
504 2576 603 2652 opust
619 2570 753 2635 uerbis?
777 2571 933 2636 Geminus
946 2571 1042 2636 Sosia
1058 2569 1111 2634 hie
1128 2569 1252 2635 factust

841 2678 912 2743 tibi.

570 2785 808 2870 Amphitruo

117 2895 233 2960 Nimia
255 2917 415 2961 memoras
437 2896 537 2976 miru;
560 2893 618 2960 sed
639 2895 794 2982 uidistine
816 2915 951 2959 uxorem
973 2895 1103 2959 meum?
1199 2902 1252 2955 610

630 3025 746 3090 Sosia

115 3137 205 3215 Quin
230 3135 318 3200 intro
341 3135 388 3199 ire
410 3135 444 3199 in
467 3135 558 3199 aedis
581 3155 758 3218 numquam
779 3134 946 3200 licitumst.

474 3255 479 3264 ’
567 3266 806 3349 Amphitruo

922 3351 1000 3428 Quis
1013 3355 1046 3415 te
1057 3350 1251 3436 prohibuit?

631 3458 747 3524 Sosia

116 3568 215 3634 Sosia
237 3565 303 3646 ille,
328 3561 425 3650 quem
447 3568 512 3632 iam
535 3567 658 3633 dudum
680 3566 765 3646 dieu,
788 3569 816 3631 is
840 3559 894 3651 qui
918 3589 968 3631 me
992 3566 1150 3632 contudit.

569 3675 807 3759 Amphitruo

115 3762 199 3841 Quis
223 3762 298 3826 istie
321 3759 470 3826 Sosiast?

630 3870 748 3935 Sosia

479 3977 560 4070 Ego,
584 3979 727 4061 inquam.
758 3979 915 4056 Quotiens
939 3979 1149 4044 dicundumst
1167 3978 1250 4043 tibi?

569 4109 806 4192 Amphitruo

116 4215 185 4281 Sed
209 4214 289 4300 quid
312 4217 382 4280 ais?
405 4216 491 4282 Num
514 4217 743 4282 obdormiuieti
766 4217 910 4282 dudum?

188 4452 238 4504 601
258 4450 418 4504 uerberebit
486 4451 538 4505 608
556 4450 636 4524 Delio
654 4455 822 4519 pregnatum
