2968 5030
234 471 296 532 390
729 465 865 520 Asinaria.

234 661 270 718 cl.
293 659 380 738 Epid.
407 663 481 717 588:
510 659 639 732 „Quibus
663 659 699 720 de
722 660 837 736 signis?
859 691 902 700 -
924 659 1053 720 Nullis&
1088 661 1180 721 More.
1205 664 1287 722 720:
1316 666 1362 734 „in

168 767 172 778 '
233 766 330 822 noxia.
353 793 395 802 -
419 761 482 834 Qus
510 761 637 820 000101ιι
681 763 752 821 cist.
777 766 827 822 88.
850 765 888 822 sl.
913 793 956 802 -
978 765 1049 822 428.
1074 757 1138 824 Em
1166 766 1362 822 monstrantis

233 871 286 938 est,
310 885 337 922 v.
361 865 468 942 Amph.
493 867 563 924 771.
610 859 673 924 Em
697 860 753 924 abi
775 866 862 940 dicit,
887 868 939 943 qui
963 866 1090 924 alterum
1113 867 1270 938 verberam
1295 861 1360 924 dem

233 967 329 1026 codB
353 967 441 1026 habet
464 967 493 1024 h.
517 968 536 1026 l.
561 975 591 1026 st
615 971 685 1026 871.
710 968 794 1046 Cspt.
815 970 886 1028 624.
910 968 994 1028 Cure.
1015 971 1084 1028 195.
1109 971 1184 1041 6233
1207 969 1262 1028 ssd
1285 989 1359 1047 prae·

232 1068 385 1128 serendum
408 1069 526 1128 ridetur
550 1087 606 1144 em,
630 1071 710 1148 quod
733 1079 816 1130 extat
838 1071 903 1130 Mil.
930 1073 1020 1130 1396.
1051 1071 1158 1130 Pseud.
1184 1073 1253 1130 154.
1279 1071 1356 1129 Poen.

234 1175 293 1231 379
313 1193 366 1251 sq.,
391 1173 499 1250 quibus
523 1174 596 1232 locis
620 1167 934 1234 000001001Μο0997
958 1170 1019 1248 (en)
1045 1180 1075 1232 st
1091 1173 1157 1232 Cas.
1172 1177 1230 1232 382
1257 1171 1355 1247 (rem).

231 1306 272 1314 -
297 1269 456 1350 Defende,
485 1297 524 1334 sc.
554 1297 615 1348 me,
648 1277 683 1334 cf.
708 1277 746 1334 sd
770 1279 839 1334 392.
864 1307 905 1316 -
929 1279 1000 1336 429.
1025 1270 1098 1336 Eho
1125 1279 1184 1334 ism
1212 1278 1242 1334 in
1271 1275 1353 1334 codd.

232 1378 421 1436 emendatum
445 1385 497 1436 est.
522 1409 563 1418 -—
587 1375 690 1455 ecquis
714 1399 815 1436 rerum
839 1399 903 1437 esse
931 1400 991 1438 non
1018 1385 1127 1456 potest.
1173 1363 1238 1438 Non
1260 1379 1353 1438 solum

232 1483 348 1538 numeri
371 1502 430 1538 non
454 1459 619 1558 explrlntur,
644 1481 696 1538 sad
715 1502 750 1538 ex
770 1502 913 1557 responso
932 1501 1078 1560 apparere
1096 1481 1223 1553 ridetur,
1244 1487 1352 1540 certum

233 1605 338 1642 nomen
362 1583 407 1641 hic
431 1586 560 1660 positum
584 1585 683 1656 luisse,
708 1590 741 1642 ut
764 1605 790 1642 r.
815 1586 886 1643 433.
924 1583 1097 1642 Fleckeisen
1121 1584 1246 1662 exempli
1267 1604 1353 1642 causa

236 1681 384 1746 Coriseus
418 1688 528 1763 posuit.
580 1687 649 1744 Mox
685 1683 773 1760 (439)
810 1682 942 1747 resoluit
972 1707 1026 1764 pro
1065 1686 1215 1759 „debitum
1244 1683 1350 1744 solvit“

232 1809 285 1864 per
308 1809 338 1846 se
362 1809 420 1846 000
444 1788 577 1860 offendit,
598 1789 656 1846 vid.
676 1789 764 1865 Epid.
788 1791 855 1848 143.
881 1791 951 1848 348.
974 1789 1054 1847 Men.
1070 1791 1140 1847 913.
1164 1789 1267 1865 Amph.
1283 1789 1351 1846 698.

232 1891 392 1948 (001011.
410 1893 482 1948 144:
511 1891 559 1962 „Si
584 1892 655 1968 quid
679 1893 874 1968 redemptoris
893 1913 985 1970 opera
1003 1893 1121 1950 domino
1139 1891 1236 1950 damni
1253 1890 1352 1948 datum
1462 1915 1463 1918 ¹

232 1995 297 2064 erit,
321 1991 494 2051 resoluito“.
533 1995 606 2052 149:
634 1995 721 2066 „boni
741 1995 798 2052 uiri
818 1995 967 2053 arbitratu
984 1993 1144 2054 resoluat“.
1181 1993 1237 2052 Sed
1253 2011 1351 2050 versus

231 2117 290 2154 non
314 2098 441 2173 patitur,
467 2117 558 2173 quare
581 2099 644 2154 iure
669 2097 793 2154 Bothius
817 2092 918 2156 Solm'l
941 2099 1059 2173 scripsit
1082 2097 1177 2155 altero
1200 2097 1277 2168 loeo;
1301 2115 1350 2152 nec

233 2201 310 2256 enim
339 2201 445 2256 mirum
475 2205 519 2256 eat
548 2200 689 2257 librarios
724 2201 801 2258 idem
831 2200 953 2259 verbum
982 2202 1012 2258 in
1038 2219 1181 2276 responso
1214 2200 1349 2276 posuisse,

233 2301 313 2378 quod
337 2303 365 2358 in
388 2303 619 2378 interrogatione
643 2309 814 2379 posuerunt,
834 2303 862 2359 id
882 2303 963 2378 quod
981 2311 1010 2360 et
1027 2323 1097 2360 usus
1115 2308 1143 2359 et
1162 2282 1237 2359 ratio
1254 2305 1351 2378 postu-

232 2405 282 2462 lat.
320 2404 429 2462 Verum
453 2403 506 2462 hoc
530 2404 658 2481 probato
679 2407 814 2481 sequitur
837 2407 936 2482 priore
958 2405 1023 2464 1000
1047 2425 1111 2464 cum
1135 2405 1239 2462 eodem
1250 2403 1350 2460 Bothio

232 2506 416 2564 scribendum
442 2528 505 2564 esse
529 2527 587 2564 non
612 2502 748 2579 resoluit,
773 2508 824 2565 sed
848 2524 912 2566 rem
935 2503 1037 2581 301οι11,
1060 2514 1094 2564 ut
1117 2527 1207 2584 supra
1228 2509 1295 2564 217.
1311 2535 1350 2544 —

239 2603 384 2668 (sirarios
407 2610 580 2686 plerumque
604 2609 752 2674 habebant
776 2612 853 2668 servi
874 2611 1026 2682 lautiores,
1047 2610 1106 2668 vid.
1125 2609 1184 2668 Cic.
1203 2607 1348 2678 Verr.111‚

234 2715 282 2782 39,
309 2713 362 2768 96;
391 2713 550 2782 „vicarium
575 2712 686 2770 nullum
710 2712 809 2784 habet,
833 2712 908 2770 nihil
932 2716 1051 2772 omnino
1075 2709 1215 2789 peculii“.
1253 2711 1347 2768 Horat.

234 2813 294 2870 Sat.
309 2812 346 2882 11,
360 2815 388 2884 7,
403 2815 457 2870 79:
487 2813 571 2884 „Sive
590 2816 717 2872 vicarius
736 2821 790 2886 est,
815 2817 867 2892 qui
889 2835 974 2872 servo
997 2821 1092 2892 paret,
1116 2815 1161 2872 uti
1180 2834 1243 2872 mos
1255 2813 1350 2870 Vester

233 2919 284 2986 ait,
310 2935 360 2972 sen
385 2914 574 2974 conserims“.
610 2917 710 2974 Serme.
724 2917 832 2993 Tranq.
851 2939 897 2975 sn.
918 2920 944 2989 8,
966 2918 992 2974 6.
1027 2916 1148 2994 Ulpian.
1166 2918 1197 2974 in
1214 2913 1349 2990 Digit',

237 3021 262 3089 l,
286 3020 332 3076 17.
367 3017 465 3076 Multa
488 3039 522 3074 ex
545 3018 789 3095 inscriptionibus
813 3021 947 3097 exempla
970 3018 1255 3095 affertMarquardt,
1273 3018 1349 3076 Rsm.

232 3119 531 3178 Privatulterthdmer
553 3121 581 3191 Ι,
605 3142 634 3198 p.
661 3123 730 3180 160.
775 3123 921 3180 Atriensis
944 3122 1110 3194 Plautinus,
1135 3123 1219 3198 quasi
1243 3127 1350 3196 gratum

232 3223 390 3282 admodum
420 3223 476 3280 sibi
506 3244 612 3280 nomen
642 3231 898 3282 commemorasset
921 3223 1068 3296 Libanus,
1092 3225 1147 3282 hoc
1170 3221 1294 3282 artificio
1315 3223 1349 3278 nit

233 3347 298 3384 sum
323 3347 353 3384 se
376 3321 512 3384 delenire
536 3328 597 3383 aive
625 3326 744 3403 placare
774 3327 859 3386 velle.
883 3358 925 3366 -
949 3328 1019 3386 432.
1045 3341 1079 3386 00
1106 3326 1208 3384 abesse
1232 3331 1349 3402 poterat,

233 3449 322 3506 quum
350 3433 496 3505 sequatur
528 3449 633 3504 „qnam
659 3429 708 3486 ille
733 3427 813 3500 est“;
843 3429 895 3486 sed
919 3430 1009 3488 simili
1032 3430 1216 3488 abundantia
1239 3429 1351 3486 Plautus

232 3531 296 3589 Mil.
322 3534 377 3589 22:
412 3531 628 3602 „Periuriorsm
657 3533 711 3590 hor
740 3532 889 3590 hominem
919 3533 942 3590 si
973 3534 1040 3608 quis
1071 3532 1195 3604 uiderit,
1227 3539 1278 3591 aut
1298 3531 1351 3608 glo·

232 3636 344 3692 riarum
368 3634 540 3711 pleniorem,
565 3655 655 3712 quam
678 3635 739 3693 11110
763 3633 839 3694 est“.
880 3633 956 3692 Rud.
983 3637 1060 3694 279:
1088 3653 1201 3710 „neque
1225 3633 1281 3692 hoo
1302 3653 1351 3690 um·

233 3737 319 3814 plius,
340 3756 428 3814 quam
447 3736 527 3812 quod
544 3737 639 3809 uider,
663 3737 749 3796 nobis
773 3740 930 3815 quicquum
955 3735 1031 3795 eat“.
1056 3767 1097 3776 *-
1119 3731 1172 3794 ille
1195 3738 1243 3796 est
1265 3755 1351 3794 nenes-

234 3840 313 3897 ssrio
338 3838 539 3912 emendatum,
566 3840 624 3898 vid.
649 3841 687 3898 ad
710 3841 780 3899 404.
804 3869 847 3880 -
870 3841 942 3899 433.
968 3836 1105 3914 denarie,
1130 3859 1169 3898 sc.
1193 3841 1350 3909 mercatori,

234 3943 269 4000 cf.
294 3939 414 4000 Sueton.
440 3940 541 3999 Claud.
567 3944 621 4000 40:
656 3943 709 4014 „ds
732 3944 821 4002 laniis
845 3950 875 4000 st
898 3939 1054 4000 vinariis“.
1078 3973 1120 3982 --
1142 3935 1352 4002 Exaerambd

235 4042 275 4118 (v.
301 4044 377 4102 435:
400 4041 598 4118 Exerumbus)
628 4047 756 4103 nominis
781 4047 878 4104 forma
900 4047 1003 4122 ignota
1025 4065 1078 4104 noc
1102 4044 1193 4103 dubio
1217 4049 1350 4121 exempta.

234 4145 372 4204 Fortasse
394 4147 536 4220 Ξάραμβος
566 4147 621 4203 luit
650 4152 702 4204 aut
724 4150 883 4224 Σάραμβος,
906 4169 975 4206 nam
1005 4151 1036 4206 in
1063 4148 1229 4224 fragmento
1260 4146 1351 4205 comici

234 4249 314 4326 apud
342 4248 545 4306 Dicaearohum
576 4246 617 4326 (p.
646 4251 703 4308 143
727 4247 823 4324 Fuhr)
854 4250 890 4308 de
914 4250 1035 4308 Plataeis
1062 4250 1187 4324 legitur:
1221 4251 1293 4306 Nool
1318 4249 1350 4305 δυ’

235 4351 286 4406 εἶσὶ
316 4352 359 4407 aul
389 4353 455 4406 arod
486 4353 529 4406 καὶ
558 4353 674 4425 τοῦνομα
702 4354 746 4408 καῖ
774 4355 804 4408 τὸ
828 4355 969 4427 βαλανεῖον
992 4354 1036 4409 καὶ
1059 4355 1089 4409 τὸ
1111 4353 1260 4428 Σαράμβου
1283 4355 1351 4416 κλέος,
