2960 5038
579 470 612 526 V.
633 473 742 526 17—39.
1166 476 1229 536 237

72 665 132 739 qui
145 683 191 722 ex
208 665 271 724 hoc
287 685 375 749 versu
392 663 471 722 affici
487 666 623 741 putabat,
640 667 722 742 pacis
739 671 874 742 tempora
890 665 967 723 hanc
984 664 1115 724 fabulam
1134 671 1230 724 actam

72 784 157 838 esse,
185 767 249 826 sad
265 769 363 845 gratia
379 773 410 825 et
425 768 635 826 benevolentia
650 767 783 828 deorum.
814 767 966 844 Significat
985 772 1085 826 autam
1106 765 1245 845 ,pace“,·

71 871 111 924 ut
138 870 193 928 ait
219 869 389 930 Gronovius
411 870 494 930 Lact.
516 870 646 929 Plautin.
669 891 699 946 p.
723 872 758 943 4,
785 889 857 946 „per
879 865 1012 946 paccm“,
1041 869 1123 946 quod
1146 873 1230 928 extat

71 969 166 1029 infra
191 992 226 1032 v.
254 975 325 1032 384.
369 973 527 1032 Ablativua
562 978 607 1032 est
640 993 699 1032 non
731 977 792 1030 tam
825 971 905 1030 modi
939 991 1028 1048 quam
1060 973 1229 1030 comitatus.

73 1069 184 1132 Gron.
213 1074 411 1135 ancnoris.
436 1075 518 1134 Rem.
542 1075 607 1134 Am.
633 1077 710 1134 669:
737 1063 860 1148 „Tutius
883 1079 928 1133 ast
950 1079 1113 1151 aptumque
1135 1075 1230 1150 magis

75 1175 254 1236 discedere
275 1175 379 1256 paca“.
413 1178 501 1252 Varg.
521 1177 591 1236 AEn.
610 1177 664 1250 111,
683 1179 760 1236 417:
789 1178 891 1251 „uenit
912 1175 1010 1235 madio
1033 1177 1064 1236 ui
1086 1173 1230 1255 pontus“.

76 1277 209 1338 Lucan.
231 1280 255 1353 I,
278 1282 352 1339 191:
381 1280 430 1353 ,Si
453 1281 517 1338 iura
540 1281 659 1353 ueritis,
683 1279 715 1339 Si
738 1282 826 1352 cives,
850 1279 908 1338 hnc
932 1298 1025 1355 usqua
1047 1277 1150 1338 licet“.
1184 1278 1231 1338 Ex

77 1379 207 1442 Plauto
234 1381 335 1442 afferri
356 1389 484 1458 possunt
504 1383 608 1442 Bacch.
636 1384 732 1442 1063:
767 1381 887 1456 ,Salute
909 1387 1014 1440 nostra
1110 1381 1230 1440 domurn

79 1483 210 1542 reduco
236 1482 429 1543 exarcitum“.
469 1483 550 1544 Man.
577 1487 652 1545 134:
680 1490 833 1558 „nostrum
856 1485 951 1543 salute
974 1480 1118 1544 socium“.
1152 1483 1230 1544 llud.

82 1587 176 1645 910:
218 1587 333 1658 „salute
361 1583 483 1646 horiae“.
528 1587 647 1646 Trucul.
674 1589 748 1646 loa:
787 1592 857 1660 „tuo
889 1588 1069 1646 uestimento
1103 1591 1134 1644 at
1166 1585 1231 1644 cibo

85 1688 207 1748 alienis
227 1689 319 1748 rebus
336 1686 452 1748 curas“.
464 1690 553 1748 -In
576 1696 709 1750 extremo
731 1709 820 1748 versu
841 1707 1029 1748 numerorum
1054 1707 1142 1748 causa
1162 1685 1231 1764 fero

84 1793 207 1870 scripsi
224 1811 281 1869 pro
299 1787 418 1870 adfero
448 1790 537 1852 Both.
556 1792 704 1850 ediderat:
732 1811 823 1869 „paca
846 1791 975 1852 aduenio
992 1789 1029 1848 ad
1047 1810 1109 1864 uos,
1127 1809 1232 1868 paoem

87 1891 235 1954 adfero“.
271 1892 419 1952 Lindon:
447 1913 568 1971 „pacem
586 1894 715 1953 adueffio
737 1898 768 1951 at
790 1893 828 1951 ad
850 1914 905 1952 noa
928 1889 1049 1952 adlaro“
1076 1891 1231 1951 conferens

87 1995 202 2055 Aulul.
228 1997 305 2055 265:
342 1996 488 2068 ,Vaccula
519 1998 600 2056 intus
634 2014 708 2073 pura
741 2015 871 2072 propera
904 2000 993 2072 atque
1029 1992 1126 2054 elue“.
1173 1993 1232 2052 Sed

90 2097 157 2157 hoc
190 2099 258 2158 loco
291 2099 418 2176 primum
454 2120 487 2158 aa
516 2099 637 2176 proprie
665 2097 822 2157 dicendam
852 2103 910 2170 ast,
940 2117 1006 2156 eum
1032 2103 1168 2173 pacatum
1201 2102 1231 2154 st

91 2201 255 2278 placidum
285 2203 403 2274 uanir03
436 2201 505 2260 huic
537 2207 689 2276 tamquam
716 2199 789 2259 data
814 2201 968 2258 occasione
997 2199 1133 2274 additur,
1164 2219 1231 2258 eum

93 2322 206 2378 pacem
233 2321 333 2361 eccum
361 2301 486 2362 adferre.
532 2303 670 2363 Holtzius
698 2321 763 2362 voc.
785 2317 894 2379 pacem
921 2302 1022 2360 omisit
1050 2319 1085 2360 ax
1114 2306 1231 2360 antoce-

96 2405 187 2464 denti
214 2425 280 2465 voc.
297 2419 379 2480 pace
406 2405 503 2464 audiri
530 2425 617 2482 posse
648 2405 828 2476 arbitratus,
858 2403 939 2481 quod
966 2404 1016 2462 vix
1044 2405 1148 2476 credo,
1177 2425 1231 2463 nac

98 2511 175 2566 satis
197 2506 346 2586 probatur
367 2508 404 2566 iis
426 2508 579 2584 exemplis,
603 2526 668 2585 quoe
692 2507 800 2579 adfert,
824 2505 887 2566 Cat.
911 2505 948 2565 R.
970 2505 1006 2565 R.
1031 2507 1064 2564 5:
1093 2505 1230 2579 ,familiae

98 2611 179 2669 male
210 2629 248 2668 na
275 2611 329 2683 sit,
357 2628 394 2668 ne
424 2609 537 2684 algeat,
566 2630 604 2668 ne
632 2611 759 2682 esuriat,
789 2627 879 2685 opero
906 2607 981 2668 bena
1009 2613 1147 2667 exerceat
1178 2604 1230 2681 (sc.

100 2709 213 2786 aam)“.
259 2711 326 2771 Ter.
348 2711 406 2770 Ad.
433 2713 491 2769 145
516 2731 561 2788 sq.

190 2815 241 2874 34.
264 2811 352 2874 iusto
373 2833 428 2892 pro
449 2810 533 2874 iuste
549 2819 631 2872 recte
647 2813 745 2886 Both,
764 2818 799 2871 ut
816 2811 948 2872 ostendit
964 2812 1147 2888 respondens
1164 2830 1232 2887 pro-

101 2917 176 2975 ximi
197 2935 302 2975 remus
325 2918 484 2976 sententia.
519 2915 635 2976 Obiecti
657 2917 723 2976 loeo
745 2916 880 2992 iungitur
902 2935 968 2973 cum
991 2934 1019 2975 v.
1038 2914 1153 2986 orator,
1177 2933 1232 2991 pro

102 3017 275 3092 iustorum,
299 3023 333 3076 ut
353 3015 389 3076 fit
409 3019 441 3078 in
462 3018 660 3076 substantivis
689 3017 857 3076 verbalibus
884 3020 915 3076 in
937 3013 984 3090 io,
1008 3037 1035 3074 v.
1060 3017 1138 3074 infra
1162 3017 1231 3074 515.

103 3153 142 3162 -
162 3124 215 3181 37.
238 3101 298 3180 illi·
311 3117 417 3196 iniqui
432 3117 485 3180 lus
501 3122 560 3180 iam
576 3123 608 3178 in
627 3120 803 3181 codd.'dett.
823 3117 1022 3178 emendatum.
1040 3148 1083 3158 -
1101 3119 1150 3176 38.
1168 3113 1233 3176 iam

101 3224 281 3284 Fleckeisen
298 3223 417 3295 delevit,
436 3224 507 3299 quia
523 3237 607 3282 nuuc
621 3219 687 3284 tom
709 3241 827 3300 semper
848 3220 1037 3297 trisyllabum
1060 3220 1150 3277 brisso
1173 3223 1233 3300 sta·

103 3331 178 3400 tuit,
207 3326 288 3384 unde
316 3325 407 3383 etiam
435 3325 559 3384 iunctim
587 3329 617 3383 et
643 3345 703 3383 uno
731 3324 878 3384 vocabulo
909 3321 1097 3382 scribendum
1121 3325 1233 3393 canset;

103 3429 155 3487 sod
179 3433 212 3488 at
233 3427 264 3486 h.
286 3428 306 3486 l.
329 3423 343 3486 i
365 3447 531 3486 consonans
554 3431 600 3486 est
623 3432 653 3485 at
674 3425 781 3486 Bacch.
807 3428 883 3486 988:
912 3425 994 3498 „Hoc
1016 3443 1070 3500 age
1093 3423 1133 3480 ais
1156 3441 1234 3480 nuno

103 3527 183 3589 iam“
210 3535 241 3588 at
256 3529 346 3607 Epic.
368 3531 442 3588 135:
470 3549 565 3602 ,nunc
589 3530 646 3588 iam
670 3529 729 3586 alia
752 3525 853 3586 cura“.
871 3557 914 3567 -
929 3526 1008 3586 Ante
1027 3539 1097 3600 quoe
1119 3524 1234 3613 antiqui

104 3633 172 3692 add.
202 3632 352 3691 addebant
380 3627 423 3692 ad
449 3646 499 3706 ea3
532 3651 592 3690 non
626 3651 717 3710 opus,
752 3633 778 3688 si
811 3628 931 3706 quidem
965 3626 1232 3685 demonstrativum
1320 3615 1322 3620 ’

104 3755 183 3813 saepe
206 3735 310 3807 stiam,
334 3733 386 3792 ubi
409 3753 478 3792 casu
501 3753 519 3792 a
540 3734 667 3792 relativo
697 3732 862 3810 discrepat,
886 3730 1041 3790 omittitur.
1087 3726 1135 3785 Sic
1157 3727 1235 3784 infra

107 3839 178 3897 loa.
206 3838 275 3901 132.
299 3837 369 3896 314.
396 3836 466 3894 518.
496 3835 567 3894 646.
611 3835 695 3894 Asin.
720 3836 791 3894 523.
835 3833 902 3891 Aul.
930 3833 999 3890 595.
1044 3829 1109 3888 Mil.
1136 3830 1232 3887 1077:

110 3939 205 4012 ,Meri
227 3937 389 3998 bellatores
411 3939 589 4014 gignuntur,
615 3956 689 4014 quas
719 3936 768 3994 hic
795 3940 963 4014 prognatos
991 3928 1094 4004 secit“,
1125 3931 1234 3990 omisso

111 4062 165 4115 „cx
186 4037 253 4113 iis“,
278 4041 338 4098 alia
359 4041 522 4118 permulta,
545 4059 573 4097 v.
597 4037 730 4098 Cavallin
751 4039 782 4095 iu
810 4036 990 4110 ,Tidsskrist
1012 4035 1032 4092 s.
1056 4029 1233 4107 Philologi“,

107 4143 143 4202 N.
166 4142 240 4202 al
268 4139 395 4216 (1874),
423 4163 455 4220 p.
479 4143 539 4200 265
568 4160 633 4218 sqq.
662 4171 706 4180 -
735 4143 784 4198 39.
808 4135 994 4210 masalmae,
1029 4157 1069 4195 so.
1099 4134 1169 4207 hoc,
1200 4139 1235 4192 ut

109 4246 224 4318 uelitis,
248 4263 313 4321 quaa
336 4263 391 4303 nos
413 4245 548 4302 uelimus.
595 4242 638 4301 Cf.
661 4242 745 4300 Asin.
771 4242 845 4299 147:
880 4245 929 4312 „te
957 4258 1012 4316 ogo
1035 4243 1071 4296 ut
1092 4237 1182 4314 digna
1204 4255 1235 4294 cs

112 4347 232 4422 perdam
254 4352 343 4424 atque
365 4351 401 4404 ut
422 4345 459 4404 dc
482 4365 528 4404 me
551 4341 676 4402 mares“.
711 4344 778 4402 Ter.
801 4341 908 4400 Heaut.
933 4343 983 4399 83.
1016 4339 1089 4398 Hac.
1113 4339 1184 4398 760.
