2956 5018
122 517 276 582 tata-51
604 516 741 570 Asinaria.
1194 518 1234 578 89

120 704 193 770 Uolt
213 703 349 784 famulis,
372 704 445 770 uolt
466 689 564 770 etiam
587 703 726 785 ancillis,
748 711 782 770 et
804 725 934 789 qnoque
958 703 1068 769 catulo
1091 725 1164 769 meo

120 813 348 878 Subblanditur
369 834 474 878 nouos
496 819 633 892 amator,
657 832 692 878 se
713 819 751 878 ut
773 833 872 896 quom
892 811 1007 876 uideat
1028 811 1180 894 gaudeat

119 921 199 986 Uera
229 921 321 1000 dico;
362 920 407 985 ad
438 942 531 986 sunm
565 941 727 1004 quemque
759 920 923 986 hominem
957 925 1129 1004 quaestum
1163 941 1235 984 esse

797 1036 969 1114 aequomst
992 1025 1156 1092 callidum.
1188 1033 1237 1086 186

546 1137 797 1222 Argyrippus

117 1245 273 1311 Perdidici
294 1246 400 1310 istaec
422 1265 494 1310 esse
516 1266 597 1310 nera
620 1245 739 1310 damno
763 1267 838 1310 cum
859 1265 977 1328 magno
999 1265 1081 1309 meo.

502 1369 505 1375 '
581 1353 772 1420 Cleareta

118 1461 150 1526 Si
170 1468 296 1526 ecastor
319 1481 408 1526 nunc
429 1461 552 1526 habeas
575 1463 662 1547 quod
685 1461 752 1542 des,
777 1462 843 1526 alia
863 1461 968 1526 uerba
990 1459 1199 1543 praehibeas;

117 1570 204 1635 Nunc
226 1570 304 1652 qnia
326 1569 408 1633 nihil
425 1570 537 1650 habes,
556 1571 739 1636 maledictis
762 1577 796 1636 te
818 1591 890 1635 eam
910 1570 1049 1634 ductare
1067 1567 1237 1651 postulas?

549 1679 798 1763 Argyrippus

115 1764 184 1830 Non
204 1770 353 1832 meumst.

577 1871 768 1938 Cleareta

268 1980 339 2046 Nec
361 2001 468 2046 meum
491 1980 623 2063 quidem
645 1980 761 2064 edepol
784 1979 827 2044 ad
848 1985 881 2044 te
904 1985 941 2044 ut
962 1979 1096 2050 mittam,
1113 1979 1237 2062 gratiis.

113 2087 233 2154 Uerum
256 2090 377 2154 aetatis
400 2094 499 2172 atque
521 2089 656 2154 honoris
678 2089 787 2170 gratia
810 2088 873 2154 hoc
894 2086 951 2152 fiet
973 2087 1036 2152 tui:
1190 2096 1239 2150 190

114 2195 195 2276 Quia
214 2189 312 2263 nobis
334 2197 427 2262 lucro
449 2195 540 2262 fideti
560 2197 671 2282 potius
695 2217 794 2280 quam
817 2196 928 2262 decori
950 2195 1019 2274 tibi,

114 2303 146 2368 Si
166 2303 245 2368 mihi
269 2304 388 2368 dantur
411 2305 476 2371 duo
498 2305 625 2370 talenta
647 2307 778 2388 argenti
800 2309 974 2369 numerata
995 2303 1029 2368 in
1052 2323 1193 2383 manum,

113 2411 204 2477 Hanc
226 2413 288 2478 tibi
311 2419 441 2480 noctem
462 2413 596 2479 honoris
620 2433 722 2478 causa
744 2414 859 2496 gratiis
883 2411 1084 2478 denudabo.

548 2522 798 2606 Argyrippus

114 2605 203 2688 Quid,
225 2607 253 2670 si
275 2627 342 2670 non
365 2607 435 2672 est?

580 2713 769 2780 Cleareta

417 2821 491 2887 Tibi
512 2843 576 2886 non
600 2841 673 2886 esse
697 2821 842 2903 oredam;
865 2822 922 2887 illa
945 2823 1010 2889 alio
1033 2825 1093 2891 ibit
1116 2833 1237 2908 tamen.

552 2917 800 3014 Argyrippus

114 3037 173 3103 Ubi
195 3037 303 3118 illaec,
327 3057 410 3124 quae
429 3037 505 3102 dedi
525 3039 622 3103 ante?

580 3146 771 3212 Cleareta

530 3255 657 3336 Abusa3
680 3277 757 3320 nam
780 3258 808 3322 si
830 3277 871 3322 ea
893 3257 1050 3322 durarent
1071 3258 1158 3338 mihi,
1190 3267 1238 3318 195

113 3363 227 3429 Mulier
250 3363 436 3428 mitteretur
459 3363 501 3427 ad
524 3370 566 3443 te,
590 3385 767 3448 numquam
791 3366 965 3450 quicquam
988 3387 1165 3448 poscerem.

114 3473 202 3537 Diem
229 3493 349 3553 aquam
372 3471 473 3544 solem
495 3471 606 3536 lunam
628 3481 772 3554 noctem,
797 3474 878 3539 haec
902 3479 1038 3556 argento
1061 3497 1127 3539 non
1151 3495 1238 3552 emo;

114 3579 225 3646 Cetera
249 3601 335 3662 quae
358 3581 509 3644 uolumus
532 3583 581 3645 uti
603 3581 732 3646 Graeca
754 3603 937 3646 mercamur
959 3581 1032 3646 fide.

115 3689 213 3766 Quom
236 3710 258 3752 a
273 3689 403 3771 pistore
427 3709 543 3772 panem
566 3691 716 3772 petimus,
739 3691 852 3756 uinum
875 3711 914 3755 ex
937 3688 1118 3772 oenopolio,

115 3797 145 3862 Si
171 3819 228 3862 aee
257 3796 395 3876 habent,
425 3797 506 3861 dant
533 3818 689 3878 mercem;
718 3799 835 3863 eadem
862 3820 922 3864 nos
951 3796 1147 3881 discipulina
1175 3797 1238 3862 uti-

828 3929 914 3972 mur:
1188 3907 1239 3958 200

116 4013 247 4096 Semper
269 4012 420 4079 oculatae
443 4035 559 4078 manus
583 4020 659 4078 sunt
681 4021 823 4096 nostrae,
844 4015 984 4080 credunt
1003 4014 1091 4099 quod
1112 4014 1236 4079 uident,

115 4121 212 4186 Uetus
235 4128 286 4187 est
308 4120 411 4186 ‘nihili
433 4121 611 4202 coactiost’,
634 4125 697 4188 scis
721 4124 828 4204 cuius;
851 4145 916 4188 non
939 4123 1014 4188 dico
1038 4123 1186 4206 amplius.

178 4317 228 4369 187
245 4313 393 4383 perhibeas
464 4317 512 4368 189
531 4314 619 4383 gratie
691 4317 738 4368 193
757 4314 844 4384 gratis
914 4317 965 4369 200
982 4313 1042 4369 Siee
1089 4315 1238 4383 disciplina

117 4401 157 4454 201
177 4401 312 4454 occulata
381 4400 561 4453 maceratio
