2976 5056
624 481 657 536 V.
675 482 768 536 5-15.

283 677 401 737 Nomen
422 676 595 736 Trinummo
617 675 704 751 feeit3
726 696 804 736 nuno
825 695 881 736 uos
902 675 958 735 hoe
981 681 1079 752 rogat,

285 779 328 840 Ut
349 781 437 839 liceat
458 779 613 857 possidere
634 777 712 837 hane
733 798 841 837 nomen
862 777 1003 838 tabulam.

107 878 185 939 Sed
210 883 267 959 qui
288 882 436 942 Asinaria
459 881 615 959 prologum
638 883 819 958 composuit,
849 886 880 940 et
906 881 937 940 in
964 880 1085 940 brevius
1113 885 1263 944 contraxit

109 987 149 1042 et
180 985 328 1044 Plautum
356 985 415 1042 alio
443 985 562 1042 nomine
591 983 766 1062 appellavit.
810 982 845 1041 In
873 982 958 1042 codd.
981 977 1114 1044 Maccus
1140 985 1260 1064 legitur,

108 1105 195 1162 quae
212 1087 356 1146 Atellano
373 1105 504 1166 persona
525 1089 578 1158 est,
601 1085 754 1144 Romanus
776 1085 863 1144 homo
886 1105 951 1144 esse
974 1105 1033 1144 non
1055 1090 1165 1165 potest.
1199 1087 1260 1147 An·

113 1189 206 1267 tiqui
239 1191 386 1263 editores,
421 1191 475 1268 qui
501 1187 544 1248 M.
573 1186 696 1246 Aonium
723 1187 863 1247 Plautum
896 1187 1097 1266 usurpabant,
1127 1184 1261 1252 Marsus

110 1295 322 1370 scripserunt,
346 1291 400 1351 sed
421 1292 485 1350 solo
508 1291 697 1368 praenomine,
723 1290 804 1368 quod
826 1291 943 1368 ingenti
966 1289 1120 1351 hominnm
1136 1311 1260 1354 numero

111 1413 286 1455 commune
309 1400 389 1468 erat,
411 1397 504 1472 poete
525 1393 600 1452 satis
622 1392 785 1468 rignifiosri
808 1411 868 1451 non
895 1397 1007 1471 potest.
1052 1393 1173 1455 Rectius
1196 1395 1260 1455 Rit-

113 1497 260 1556 schelius
280 1491 436 1571 Macrim,
459 1494 507 1554 vel
528 1495 632 1573 potius
650 1491 790 1570 Marius,
815 1495 895 1572 qnod
919 1501 949 1553 et
971 1516 990 1554 a
1012 1495 1144 1556 oodioum
1168 1500 1261 1575 serip-

114 1603 200 1658 tnra
233 1600 331 1658 minua
366 1598 493 1657 discedit
524 1617 580 1657 neo
612 1617 666 1676 per
695 1618 727 1658 se
757 1597 908 1658 diversum
935 1601 996 1669 est,
1024 1618 1094 1657 nam
1121 1599 1262 1660 Plautina

115 1689 221 1760 ae'tate
246 1705 444 1761 oonsonantes
466 1719 526 1760 non
548 1700 782 1776 geminabantur,
807 1701 843 1759 ef.
867 1719 959 1777 supra
981 1720 1011 1777 p.
1032 1701 1101 1758 144.
1135 1701 1262 1760 Aeoedit

121 1804 218 1863 metri
239 1805 335 1877 ratio,
365 1804 435 1880 quia
460 1821 570 1879 parum
596 1803 697 1880 plaeet
722 1802 900 1862 vocabulum
929 1801 1108 1876 dactylicum
1136 1803 1287 1863 uoohaei·

118 1905 195 1966 loeo
218 1903 597 1984 posttum;ef.Bi10heler,
620 1903 696 1964 Nou.
720 1905 819 1964 annal.
843 1905 916 1981 phil.
934 1903 1052 1977 XCVII,
1075 1924 1105 1981 p.
1131 1906 1191 1964 217
1215 1925 1260 1981 sq.

123 2037 172 2048 -
195 2001 337 2081 barbare,
360 2008 380 2066 i.
405 2027 430 2066 e.
454 2006 572 2066 Latine.
617 2005 752 2066 Graeoum
776 2006 953 2066 vocabulum
976 2005 1078 2064 eadem
1099 2006 1130 2066 vi
1151 2010 1261 2083 posuit,

122 2129 190 2187 qua
218 2109 316 2169 Graeci
348 2109 552 2187 usurpabant,
586 2113 622 2168 ut
654 2107 837 2184 significaret
870 2129 951 2182 eum,
986 2109 1038 2184 qui
1070 2128 1129 2169 non
1158 2109 1261 2168 Graee'e

123 2211 312 2289 loqueretur,
336 2233 363 2270 v.
388 2211 471 2270 Trin.
498 2213 547 2270 19.
577 2210 669 2270 Stich.
696 2213 765 2270 190.
796 2211 902 2270 Baoeh.
929 2212 1003 2270 127:
1032 2210 1180 2282 „barbaro
1204 2211 1260 2270 Po·

127 2310 229 2388 titio“,
256 2316 277 2372 i.
302 2333 328 2374 e.
352 2313 470 2372 Latino.
515 2313 581 2374 Mil.
605 2315 682 2372 213:
715 2318 841 2391 ,poetae
869 2309 1027 2385 barbaro“,
1055 2313 1074 2372 i.
1098 2333 1124 2372 e.
1147 2313 1260 2386 Navio,

124 2413 214 2494 Capt
239 2416 318 2475 490:
350 2415 526 2490 ,barbarica
547 2412 643 2494 lege“.
690 2417 766 2474 877:
800 2413 987 2488 ,barbaricas
1014 2411 1134 2474 urbee“.
1178 2416 1259 2475 Poen.

126 2518 208 2578 601:
239 2514 430 2591 „barbaria“.
476 2517 551 2578 Cato
579 2537 627 2597 ap.
650 2517 728 2576 Plin.
752 2517 830 2576 Hist.
853 2517 924 2578 Nat.
945 2516 1063 2592 XXIX,
1089 2519 1121 2591 1,
1145 2519 1179 2591 7,
1206 2520 1260 2591 143

125 2623 221 2696 atque
251 2620 340 2678 etiam
369 2619 486 2694 Cicero,
515 2619 597 2680 Orat.
622 2621 678 2692 48,
711 2621 786 2680 160:
824 2620 977 2693 „barbaris
1006 2617 1155 2680 casibus“.
1199 2621 1262 2681 Neo

128 2719 280 2780 Romanos
303 2722 365 2781 tale
387 2723 530 2799 loquendi
552 2741 646 2800 genus
670 2720 846 2796 offendebat,
865 2743 1045 2801 quamquam
1062 2743 1122 2783 non
1139 2723 1263 2783 fallebat

124 2843 195 2896 eos,
224 2822 314 2882 rudes
344 2844 444 2884 omnes
473 2824 617 2884 barbaros
646 2822 758 2883 Graeois
785 2823 897 2898 videri,
926 2846 954 2885 v.
978 2826 1086 2886 Bacch.
1112 2828 1188 2886 118:
1226 2845 1262 2900 ,o

6 2975 7 2978 ,
125 2923 229 3001 Lyde,
260 2945 291 2984 ee
313 2924 474 3000 barbarus,
501 2925 595 2998 Quem
617 2944 672 3002 ego
695 2945 801 3012 sapere
828 2927 920 2986 nimio
949 2928 1050 2988 censui
1076 2928 1145 3006 plus
1173 2949 1262 3006 quam

125 3023 286 3087 Thalem“.
308 3057 352 3068 -
377 3030 425 3088 12.
449 3023 516 3088 uolt
536 3030 678 3106 praesenti
704 3033 855 3106 tempore,
885 3034 921 3088 ut
954 3026 1076 3104 ,ιόςιιιι
1103 3030 1185 3090 Trin.
1211 3033 1261 3104 20,

126 3130 217 3206 quasi
245 3129 340 3207 ipsine
363 3137 461 3207 poetae
484 3136 515 3189 et
536 3131 599 3190 vivi
621 3131 712 3190 etiam
733 3151 811 3190 nuno
833 3133 952 3191 nomine
974 3131 1037 3190 hac
1057 3131 1261 3208 proterantur.

125 3261 172 3272 -
197 3233 247 3290 14.
272 3227 343 3292 daie
361 3227 490 3310 benique
508 3247 635 3309 operam
650 3227 739 3292 milri.
770 3233 903 3311 Geppert
922 3234 1109 3311 comparavit
1124 3231 1189 3292 Mil.
1204 3235 1260 3293 80:

6 3329 7 3338 ’
129 3335 177 3407 ,si
200 3333 241 3393 ad
263 3333 493 3394 auscultandum
515 3339 620 3394 nostra
642 3337 701 3394 erit
722 3332 924 3414 benignitae“.
943 3367 984 3378 -
1002 3335 1076 3394 Post
1096 3334 1176 3394 huno
1197 3355 1262 3394 ver·

125 3455 196 3494 sum
224 3435 360 3513 Geppert
386 3437 500 3496 laounae
530 3437 647 3514 signum
674 3439 775 3515 posuit
803 3437 923 3496 brevem
952 3437 1120 3514 argumenti
1147 3436 1262 3496 indica·

127 3539 242 3598 tionem
264 3556 302 3597 ex
323 3557 352 3596 v.
377 3540 395 3598 8
418 3541 591 3616 requiram
622 3539 675 3598 sed
704 3544 785 3598 reete
807 3539 992 3614 intelligenti
1014 3537 1067 3596 illa
1089 3538 1182 3598 verba
1203 3559 1262 3598 non

7 3633 8 3638 ¹
125 3642 300 3715 argumenti
334 3642 535 3700 narrationem
562 3641 761 3720 promittunt,
795 3640 849 3699 sed
882 3641 1054 3700 narratione
1087 3660 1164 3718 opus
1197 3661 1263 3702 esee

126 3747 252 3817 negant.
280 3771 324 3782 --
354 3745 402 3802 15.
425 3741 567 3803 Extremo
596 3762 685 3802 versu
713 3742 854 3821 prologus
882 3742 960 3801 bene
993 3748 1081 3820 optat
1108 3743 1261 3818 Romanis,

39 3851 40 3856 ’
126 3845 258 3904 maxime
280 3848 317 3903 nt
338 3845 375 3903 iis
396 3844 469 3905 belli
491 3845 614 3932 fortuna
636 3845 723 3918 adsit,
747 3845 784 3904 of.
809 3845 911 3906 Cistel.
939 3847 1014 3904 194:
1042 3845 1141 3918 ,Bene
1163 3847 1263 3906 ualete

127 3951 161 4005 et
181 3947 294 4006 uineite
310 3945 433 4006 Uirtute
450 3967 532 4022 uera,
550 3945 632 4024 quod
648 3945 761 4006 fecistis
777 3947 918 4007 antidhao
936 3943 1023 4006 ete.“.
1053 3947 1150 4008 Oasin.
1165 3950 1204 4008 87
1217 3969 1261 4027 sq.

5 4053 7 4142 J
127 4048 248 4126 GaptIv.
262 4050 301 4108 67
315 4068 360 4126 sq.
372 4079 416 4090 -·
433 4044 497 4111 Ut..
512 4093 519 4108 .
534 4093 557 4123 .,
572 4045 696 4126 pariter
713 4053 839 4127 ponitur
856 4056 891 4109 nt
909 4050 983 4109 alibi
1004 4055 1057 4123 „ut
1075 4094 1081 4108 .
1097 4095 1103 4108 .
1117 4095 1141 4123 .,
1159 4049 1261 4111 item“.

128 4151 219 4223 Quod
241 4151 298 4210 hoe
319 4150 385 4210 loeo
407 4151 521 4226 legitur
542 4147 616 4211 item
637 4151 772 4212 relativae
794 4153 949 4212 sententia
973 4153 1194 4230 interpositum,
1218 4157 1264 4212 est

6 4305 7 4340 ,
128 4252 304 4313 Graeoorum
333 4255 392 4327 καὶ,
421 4253 626 4314 Romanorum
657 4251 797 4329 „etiam“,
827 4275 861 4315 ao
887 4255 987 4314 neseio
1015 4274 1053 4313 an
1080 4253 1137 4314 hoo
1164 4255 1263 4332 ipsum

1024 4369 1058 4422 23
