2956 5018
250 537 311 600 148
705 531 918 604 prolegomena

249 747 286 788 en
306 728 440 806 ipsarum
467 725 636 785 fabularum
663 725 735 784 stile
761 726 866 804 petitia
894 725 1016 802 quidam
1042 725 1102 783 riri
1129 722 1211 782 docti
1232 723 1391 801 indagare

248 831 349 890 eonati
369 833 448 888 suut
493 827 565 900 Quae
594 827 695 887 omnia
720 826 882 886 incertiora
902 832 986 900 aunt,
1009 847 1100 904 qnam
1120 829 1156 885 ut
1176 825 1233 884 bes
1255 825 1391 903 quidem

247 932 314 992 loeo
336 931 437 991 afferri
459 929 603 1003 debeant3
624 930 657 988 in
679 931 901 990 commentariis
922 929 1108 1007 singularum
1127 927 1298 988 fabularum
1318 929 1390 988 for-

247 1041 327 1094 tasse
347 1053 440 1092 unum
463 1031 644 1091 stulterum
666 1031 956 1092 commemorabitur.

334 1134 478 1194 Florebat
512 1133 566 1194 illo
600 1138 736 1212 tempore
770 1133 913 1193 eomoedia
939 1133 1075 1193 Romana
1106 1132 1226 1206 Naevio,
1255 1131 1387 1205 Plauto,

248 1237 383 1310 Oaeeilio,
412 1236 553 1295 Terentio
587 1236 713 1315 aliisque
745 1255 824 1295 nova
856 1254 974 1314 semper
1000 1239 1032 1294 et
1058 1235 1180 1312 egregia
1205 1233 1243 1294 de
1270 1233 1388 1294 Graeco

248 1339 332 1398 iente
364 1338 581 1397 derivantibus.
626 1337 685 1398 Sed
711 1343 781 1415 poet
807 1337 942 1397 Terentii
974 1341 1100 1396 mortem
1133 1337 1196 1395 sive
1229 1335 1387 1395 exhausto

247 1441 330 1500 fonte
367 1441 430 1499 sire
463 1438 619 1499 deficiente
651 1440 855 1499 haurientium
887 1459 980 1518 opera
1009 1457 1066 1516 per
1100 1437 1224 1515 aliquod
1255 1441 1387 1515 tempus

247 1541 325 1602 nihil
351 1541 510 1602 admodum
537 1543 609 1602 nori
630 1542 841 1620 proveniebat,
865 1539 948 1619 quod
969 1541 1073 1600 farore
1094 1540 1202 1619 populi
1223 1543 1254 1598 et
1276 1539 1387 1597 erudi·

247 1649 349 1704 torum
379 1642 468 1702 laude
500 1643 621 1721 dignum
651 1648 738 1703 eaaat.
788 1643 886 1716 Quare
915 1643 1076 1702 histriones
1108 1646 1226 1700 veteres
1257 1640 1386 1700 fabulas

247 1748 361 1806 referre
384 1751 551 1822 eoeperunt,
574 1745 702 1804 maxime
720 1743 835 1818 Plauti,
859 1765 932 1823 quae
955 1747 1007 1824 qui
1030 1744 1237 1805 adnleseentea
1258 1749 1386 1819 epecta-

247 1852 366 1922 reraut,
395 1852 482 1926 grata
506 1849 651 1906 memoria
678 1847 767 1906 etiem
794 1851 859 1906 tum
885 1846 1040 1920 tenebant,
1070 1847 1153 1905 cuiue
1175 1845 1220 1904 rei
1241 1845 1386 1904 luculen-

246 1952 395 2012 tissimum
426 1949 631 2008 testimouium
663 1953 747 2008 extat
774 1947 888 2008 (iasine
920 1948 1078 2025 prologus,
1110 1949 1165 2008 ubi
1194 1949 1274 2021 hae,
1307 1967 1385 2025 quae

248 2053 554 2124 commemoravimus,
578 2052 699 2128 eopiosa
721 2055 753 2109 et
774 2048 873 2127 lepide
894 2054 1093 2126 exponuntur.
1126 2050 1190 2110 Nee
1211 2041 1384 2109 verendum

247 2158 326 2228 erat,
350 2173 387 2212 ne
409 2153 470 2211 illia
491 2151 600 2212 fabula
622 2172 684 2212 non
712 2153 873 2229 plerosque
901 2153 992 2210 etiam
1019 2155 1153 2212 novitate
1180 2151 1381 2210 delectarent.

246 2255 323 2314 Nam
350 2254 404 2313 illo
431 2259 567 2332 ternpore
595 2255 722 2314 Romani
755 2253 888 2314 nondum
920 2253 1031 2312 litteris
1064 2253 1159 2313 dediti
1193 2257 1292 2325 erant,
1320 2272 1384 2312 nee

246 2357 343 2416 multe
363 2355 548 2432 legebantur.
593 2355 693 2414 Plauti
721 2355 871 2415 comedite
900 2374 1010 2428 ecana,
1039 2375 1101 2415 non
1130 2354 1267 2414 eubieule
1296 2373 1382 2413 eom·

246 2459 353 2536 poeitae
381 2463 467 2516 erant
492 2477 548 2517 use
570 2477 588 2516 a
607 2457 740 2517 librariis
767 2457 864 2516 nitide
893 2457 1051 2534 descripta
1078 2459 1109 2515 in
1133 2455 1267 2516 tabernis
1293 2455 1381 2532 apud

248 2559 346 2618 forum
367 2558 553 2636 prostabant,
576 2557 628 2618 sed
649 2558 793 2618 tenebant
814 2579 864 2618 eas
889 2560 942 2637 qui
963 2563 1087 2636 egerent
1106 2559 1277 2618 histriones.
1317 2559 1381 2630 Qui

249 2679 340 2739 quum
363 2680 414 2718 eas
437 2660 535 2719 denuo
556 2659 713 2734 referrent,
736 2661 820 2719 nulla
842 2679 931 2720 eausa
953 2665 1026 2735 erat,
1050 2679 1104 2720 eur
1124 2679 1184 2719 nou
1202 2679 1238 2719 ea
1256 2660 1379 2721 omitte-

247 2768 325 2836 rent,
348 2781 415 2839 quae
437 2781 543 2838 parum
564 2761 715 2838 placitura
731 2766 888 2839 putarent,
912 2782 948 2821 ea
969 2761 1129 2836 adderent,
1154 2781 1220 2840 quer
1241 2762 1290 2822 rel
1311 2781 1379 2821 mu·

246 2867 305 2926 tati
326 2865 469 2940 temporis
498 2865 578 2922 ratio
605 2864 654 2923 rel
679 2865 814 2940 ipsorum
840 2863 982 2922 iudicium
1009 2863 1182 2923 desiderare
1210 2863 1376 2924 rideretur.

246 2967 442 3043 Prologorum
463 2964 623 3042 pleresque
646 2985 696 3024 eos
718 2965 871 3025 addidisse
894 2971 1033 3042 apparet3
1056 2965 1117 3025 elia
1137 2985 1257 3044 quoque
1279 2985 1378 3025 aeees·

247 3071 321 3130 sisae
349 3067 546 3143 auspicamur,
574 3066 628 3126 sed
662 3086 727 3144 quae
757 3087 875 3145 quoque
908 3073 1042 3144 tempore
1075 3067 1181 3127 addita
1211 3069 1287 3141 sint,
1320 3087 1377 3126 nos

248 3169 369 3249 quidem
391 3167 555 3227 diiudicare
575 3188 636 3227 non
657 3188 825 3246 possumus.
870 3167 950 3228 Illud
976 3171 1080 3247 negari
1101 3172 1153 3228 vix
1173 3173 1292 3246 potest,
1316 3189 1376 3228 non

245 3290 314 3330 raro
336 3271 391 3329 bas
411 3269 530 3329 fabulae
551 3269 763 3330 additamentis
779 3275 842 3330 tam
859 3273 970 3350 ineptis
987 3277 1018 3329 et
1033 3271 1140 3348 putide
1157 3272 1261 3331 ofioeis
1277 3273 1376 3349 inqui·

211 3441 214 3447 ¹
246 3377 332 3432 natas
349 3392 422 3444 esse,
446 3390 512 3449 qua
534 3373 593 3430 niei
610 3371 701 3449 lengo
720 3377 790 3450 poet
806 3370 909 3432 Plauti
926 3377 1054 3432 mortem
1072 3378 1210 3450 tempore
1228 3372 1301 3432 addi
1317 3394 1375 3433 non

245 3475 408 3552 potuerint

330 3575 440 3634 Verum
463 3575 489 3633 si
511 3574 612 3634 Plauti
641 3576 791 3635 comaediae
819 3595 880 3634 non
907 3576 1072 3651 legentium
1099 3575 1238 3636 menibus
1265 3580 1374 3636 tracta·

245 3677 366 3748 bantur,
389 3682 422 3734 at
443 3681 647 3752 spectatorum
669 3679 812 3736 memoria
834 3678 1070 3751 celebrabantur,
1090 3698 1145 3738 nee
1164 3678 1299 3752 deerant,
1324 3681 1374 3756 qui

247 3797 297 3837 eas
323 3778 432 3836 ceteris
465 3777 604 3836 omnibus
636 3781 822 3856 preferrent.
867 3778 1018 3857 Sedigitas
1046 3781 1150 3854 etiam,
1180 3781 1233 3857 qni
1255 3779 1373 3839 Oaeeilio

246 3881 309 3938 sive
336 3885 461 3955 propter
487 3881 664 3956 gravitatem
692 3880 755 3939 sire
782 3886 909 3958 propter
935 3887 1111 3958 argumenta
1139 3879 1187 3955 (nt
1215 3882 1258 3940 ait
1279 3881 1373 3940 Varro

246 3979 326 4057 apud
346 3978 477 4038 Nouium
497 4001 527 4058 p.
553 3977 628 4055 373)
655 3982 786 4058 palmam
812 3982 935 4055 tribuit,
964 3983 1104 4042 Plautum
1137 3987 1253 4041 eeteros
1287 3981 1373 4042 facile

245 4100 424 4157 exsuperare
457 4083 500 4140 ait
534 4079 624 4156 (Gell.
646 4082 710 4156 XV,
736 4080 806 4157 24);
840 4084 875 4142 L.
904 4083 980 4144 Stilo
1008 4084 1111 4144 Musas
1134 4084 1277 4144 Plautino
1311 4105 1371 4143 ser·

245 4201 333 4241 mone
359 4181 511 4242 locuturas
538 4185 629 4244 fuisse
656 4183 770 4258 aiebat,
799 4186 825 4242 ai
846 4184 955 4244 Latine
986 4187 1070 4264 loqui
1096 4187 1210 4245 vellent
1234 4184 1370 4261 (Quintil.

244 4283 287 4356 X,
314 4284 345 4356 l,
370 4279 440 4357 99),
468 4303 524 4342 neo
549 4287 643 4343 nimia
673 4284 831 4344 videbatur
863 4287 929 4345 laus
961 4289 1196 4365 epigrammatis,
1226 4289 1308 4366 quod
1329 4289 1368 4347 M.

243 4384 340 4443 Varro
361 4391 503 4460 posuerat
524 4387 556 4444 in
579 4385 657 4453 libro
679 4386 716 4446 de
737 4389 834 4464 poetis
856 4390 969 4464 primo:
