2968 5030
558 455 591 510 V.
609 457 754 512 460-478.
1105 463 1110 472 ’
1157 457 1218 520 395

92 647 314 726 produxerim“.
360 650 428 709 Ter.
451 650 527 710 Eun.
553 653 623 712 326.
669 649 728 708 Cic.
759 649 797 707 ed
823 649 887 707 Ait.
910 647 967 721 IX,
997 651 1048 720 13,
1075 651 1106 707 1:
1145 647 1218 720 ,Hic

93 752 212 830 quidem
235 773 317 812 mera
338 754 451 813 scelera
473 750 668 831 loquuntur“.
713 752 862 812 Adiectivi
891 751 1027 828 exempla
1054 751 1114 810 vid.
1139 751 1219 810 infra

93 856 162 914 847.
189 854 344 916 cason&
373 855 638 928 „Scelestissimum
660 875 707 914 me
731 875 794 914 esse
817 851 935 913 credo“.
965 852 1126 912 cincla:
1154 873 1218 925 ,me

92 958 239 1016 infelicem
258 963 288 1017 et
306 957 493 1018 scelestam!“
520 959 610 1019 Most.
626 961 701 1018 553:
730 957 906 1032 ,scelestus
924 961 1012 1013 natus
1030 955 1076 1013 dis
1093 957 1219 1013 inimicis

93 1058 258 1119 omnibus“.
291 1060 371 1120 Poen.
396 1064 468 1121 200.
492 1061 569 1120 Rud.
596 1063 666 1121 502.
691 1063 761 1120 801.
790 1061 879 1118 1167.
920 1059 1057 1134 Vulgaris
1079 1057 1135 1116 boc
1158 1077 1219 1115 ser·

93 1165 185 1221 monis
210 1183 276 1222 esse
299 1171 426 1241 apparet
449 1185 485 1222 ex
507 1163 761 1242 inscriptionibus,
780 1169 814 1220 ut
832 1161 952 1220 Clusina
970 1159 1048 1236 apud
1060 1159 1218 1231 Cavedoni,

91 1265 177 1323 Mem.
203 1265 235 1324 di
254 1265 384 1326 Modone
400 1265 479 1338 XIV,
504 1269 531 1340 3,
555 1288 585 1345 p.
606 1268 659 1325 50:
689 1265 801 1338 „scelus
824 1263 900 1324 filies
923 1271 1009 1340 pater
1031 1261 1166 1335 dolens“,
1191 1269 1220 1321 et

93 1367 185 1440 Rossi,
210 1368 303 1426 Inscr.
322 1368 432 1428 Christ.
450 1369 488 1441 II,
508 1391 536 1428 n.
553 1371 629 1428 326:
657 1365 869 1441 ,sceleratus“.
887 1397 931 1406 -
951 1369 1022 1424 474.
1046 1361 1221 1442 Quaeres?

92 1470 109 1526 i.
128 1491 153 1528 e.
178 1470 254 1548 quid
276 1470 332 1529 boc
353 1474 398 1530 rei
421 1471 486 1530 est?
510 1473 685 1530 exclamatio
709 1470 900 1547 indignantia,
925 1491 952 1542 v,
973 1469 1039 1527 Aul.
1061 1471 1131 1526 415.
1157 1469 1219 1526 Cas.

93 1575 161 1632 431.
188 1575 262 1634 688.
286 1577 357 1634 770.
383 1575 454 1633 786.
493 1574 558 1633 Mil.
585 1575 675 1633 1335.
709 1573 789 1631 Poen.
817 1574 907 1632 1203.
936 1601 977 1610 -
1005 1566 1123 1629 bantini
1150 1571 1220 1629 olim

93 1677 290 1734 emendatum.
313 1707 356 1716 -
379 1678 450 1734 475.
475 1671 565 1736 Male
587 1683 617 1734 et
638 1673 692 1752 fici
714 1680 794 1734 item.
819 1705 854 1714 -
875 1667 1008 1750 Uapnla,
1033 1675 1052 1732 i.
1072 1693 1096 1730 e.
1116 1677 1221 1746 οἰζαωζε,

93 1783 189 1836 κλαίειν
213 1782 284 1856 λέγω
308 1801 359 1836 σοι.
402 1778 509 1838 Festus
532 1801 561 1856 p.
587 1781 663 1838 372:
698 1777 832 1854 ,Vapula
853 1777 974 1853 Papiria
1003 1779 1033 1834 in
1061 1776 1220 1851 proverbio

93 1881 147 1939 fuit
169 1883 314 1958 antiquis,
339 1881 374 1940 de
399 1903 457 1960 quo
475 1881 595 1940 Sinnius
613 1881 720 1957 Capito
744 1881 785 1938 sic
808 1879 909 1952 refert,
933 1885 995 1937 turn
1019 1878 1077 1937 dici
1100 1879 1220 1937 solitum

94 2005 168 2057 esse,
193 2005 261 2044 cum
285 1985 397 2044 vellent
419 1985 603 2042 minantibus
627 1982 683 2041 sibi
713 1981 893 2060 significare,
924 2003 953 2040 se
984 2001 1035 2039 eos
1063 1982 1221 2058 neglegere

93 2093 119 2142 et
148 2107 207 2146 non
239 2107 352 2146 curare.
397 2087 521 2146 Plautus
543 2085 732 2144 Feneratrice
758 2129 848 2142 .....
877 2084 981 2142 Aelius
1009 2083 1038 2141 h.
1061 2085 1080 2142 l.
1110 2085 1221 2161 napuln

93 2192 223 2264 positum
253 2192 296 2248 ait
323 2211 379 2268 pro
409 2189 490 2262 dole,
514 2189 609 2248 Varro
631 2209 686 2266 pro
709 2189 788 2265 peri,
813 2193 888 2244 teste
911 2186 1050 2244 Terentio
1074 2189 1104 2244 in
1127 2186 1220 2244 Phor·

94 2297 189 2351 mione
216 2290 257 2366 (v.
283 2294 358 2352 85οε
387 2292 471 2364 ,Non
493 2291 614 2350 manes?
644 2290 706 2350 GE.
731 2286 891 2368 Vapuln“.)
915 2295 943 2346 et
968 2289 1072 2347 Plauto
1096 2292 1126 2347 in
1150 2289 1220 2346 Cur·

94 2397 209 2454 colione
247 2393 350 2468 (567):
395 2395 561 2470 „Vapulare
595 2414 649 2470 ego
682 2401 712 2452 te
748 2393 938 2451 vehementer
970 2391 1070 2464 iubeo,
1107 2413 1142 2450 ne
1176 2413 1222 2449 me

95 2495 245 2558 territes“.

178 2602 337 2658 477—80.
361 2599 423 2657 Hos
446 2603 589 2675 quattuor
611 2619 714 2656 versus
739 2619 795 2676 pro
826 2599 933 2675 spuriis
962 2599 1069 2656 seclusi
1098 2604 1222 2676 propter

95 2704 224 2780 plurima
247 2703 329 2760 vitia.
364 2702 496 2760 Primum
519 2702 681 2759 sententie.
717 2701 794 2772 Quid
818 2703 895 2759 enirn
918 2701 974 2758 hoc
993 2707 1046 2772 est,
1066 2700 1144 2776 quod
1163 2721 1222 2758 ser-

95 2825 158 2862 ium
184 2807 214 2862 iu
240 2807 285 2862 ius
308 2813 407 2877 vocat,
438 2806 469 2862 in
498 2823 584 2880 quem
613 2823 703 2860 unum
728 2806 773 2861 sui
797 2804 862 2862 heri
885 2803 1028 2862 iudicium
1052 2801 1116 2860 est?
1141 2801 1222 2879 quid,

97 2908 173 2984 quod
201 2911 234 2966 iu
262 2908 308 2965 ius
338 2908 381 2964 ire
408 2907 560 2964 nolentem
590 2907 757 2964 meminisse
784 2906 881 2979 iubet,
911 2913 1002 2983 atque
1031 2906 1080 2962 ille
1108 2925 1138 2962 se
1164 2927 1223 2962 me-

97 3011 214 3068 minisse
243 3008 421 3085 respondet,
451 3029 541 3085 quum
575 3009 742 3067 necessario
771 3007 826 3066 hoc
855 3028 972 3085 quoqne
1001 3009 1028 3064 ei
1057 3007 1224 3081 negandum

97 3111 203 3170 fuerit?
228 3110 362 3170 Conficta
384 3111 447 3170 baec
470 3111 594 3170 suntad
613 3111 836 3169 similitudinem
856 3112 986 3169 locorum
1001 3109 1085 3167 Curc.
1101 3112 1160 3168 020
1180 3131 1223 3184 sq.

98 3220 123 3271 et
146 3215 229 3273 Pers.
250 3215 310 3272 745
335 3233 389 3291 sq,
414 3214 466 3272 sed
489 3215 611 3286 inscite;
635 3233 704 3272 nam
727 3212 769 3270 ibi
792 3219 872 3272 recte
896 3219 997 3270 contre
1021 3233 1096 3283 curn,
1121 3214 1172 3288 qui
1195 3214 1224 3269 in

98 3318 139 3374 ius
161 3319 205 3376 ire
230 3322 358 3388 recusat,
383 3322 475 3375 testes
500 3317 684 3375 advocantur
701 3323 732 3374 et
749 3317 912 3378 ostentatio
931 3315 1103 3372 adhibetur.
1134 3315 1224 3372 Acce-

98 3418 170 3478 dunt
192 3421 337 3478 sermonis
362 3420 444 3478 vitia.
478 3419 514 3478 V.
536 3421 596 3478 47ss
622 3413 687 3481 Uae
710 3407 747 3478 ie.
782 3419 890 3476 Latine
915 3419 1025 3477 dicitur
1052 3437 1112 3488 „vae
1135 3415 1223 3474 tibi“.

98 3521 291 3582 Accusativus
314 3542 348 3580 ex
371 3542 431 3580 uno
455 3523 520 3580 loco
538 3521 671 3594 affertur,
696 3521 813 3580 Seneoae
837 3520 873 3576 de
892 3527 988 3578 morte
1007 3519 1122 3578 Claudii
1143 3522 1171 3591 4,
1192 3523 1223 3576 3:

103 3625 179 3695 ,Vae
201 3644 263 3697 me,
293 3631 381 3700 puto,
413 3627 569 3684 concacavi
592 3621 670 3696 me“,
694 3623 745 3681 ubi
768 3624 864 3681 altero
892 3621 973 3696 ,me“
1001 3622 1098 3680 deleto
1121 3623 1225 3680 vitium

99 3733 274 3788 removetur.
298 3727 455 3786 Proximus
472 3747 576 3786 versus
603 3726 688 3800 ,Tibi
703 3773 709 3786 .
724 3773 730 3785 .
746 3773 751 3784 .
766 3771 773 3784 .
787 3722 891 3784 detur“
915 3727 1117 3802 septenarium
1135 3723 1225 3804 efficit

101 3851 156 3889 uon
183 3830 310 3902 melum,
340 3849 519 3908 quamquam
549 3849 661 3888 casura
691 3835 855 3902 carentem,
890 3829 941 3887 sed
975 3828 1096 3887 additur
1124 3821 1227 3905 Atque

101 3930 201 3992 eliam.
236 3932 377 4005 Quodne
396 3937 522 3992 metrum
538 3932 685 4004 turbaret,
703 3933 791 3992 Both.
812 3937 926 3992 mutato
944 3931 1102 3992 verborum
1122 3931 1226 3989 ordine

102 4035 144 4094 ed.
171 4035 258 4109 „Tibi
281 4034 403 4113 quidem
426 4036 462 4094 de
481 4035 577 4108 nobis,
596 4035 738 4107 carnifex,
758 4035 845 4094 detur
864 4032 1063 4113 supplicium?
1086 4033 1155 4092 ΜΕ.
1173 4035 1226 4092 At-

103 4157 156 4214 que
185 4133 315 4198 etiam?“
347 4158 413 4215 quae
436 4141 478 4198 sic
501 4143 636 4198 enarrat:
670 4138 789 4214 „Atque
819 4139 910 4196 etiam
940 4159 1017 4196 nunc
1041 4137 1113 4196 mihi
1136 4136 1226 4194 male·

104 4239 179 4315 dicis,
193 4240 359 4300 carnificem
376 4259 423 4300 me
435 4236 630 4318 appellans?“
656 4240 742 4313 Quod
754 4261 844 4318 quum
858 4243 945 4299 nimis
963 4240 1119 4300 obscurum
1138 4244 1225 4310 esset,

103 4341 144 4402 Fr.
170 4346 286 4422 „Atque
314 4340 421 4404 etiam“
451 4365 518 4404 cum
551 4343 743 4422 sequentibus
776 4345 880 4402 iunxit.
926 4344 1037 4403 Verum
1065 4345 1107 4402 sic
1134 4341 1226 4402 verba
