2992 5054
118 537 183 606 lua
195 539 329 592 1sa-aoo
586 540 763 609 Amphitruo.
1200 549 1240 609 53

568 728 787 795 Alcumena

115 835 200 900 Istuc
221 834 356 916 facinus,
380 834 468 919 quod
489 841 526 901 tu
547 837 727 916 insimulas,
751 844 866 904 nostro
889 841 1001 921 generi
1022 862 1089 906 non
1113 842 1217 910 decet.

115 945 161 1010 Tu
182 946 209 1010 si
230 965 283 1010 me
305 945 513 1028 inpudicitiai
536 951 658 1030 captas,
683 965 802 1029 capere
824 969 890 1012 non
913 954 1015 1032 potes.
1085 941 1088 948 ’

557 1052 794 1137 Amphitruo

113 1159 172 1226 Pro
195 1161 229 1226 di
250 1161 456 1228 inmortales!
480 1162 658 1245 cognoscin
680 1167 717 1226 tu
738 1182 791 1227 me
813 1161 940 1243 saltem,
964 1163 1081 1230 Sosia?
1187 1177 1238 1230 815

617 1287 732 1353 Sosia

111 1371 357 1456 Propemodum.

555 1479 793 1565 Amphitruo
1318 1571 1321 1576 Ι

368 1587 533 1653 Genauine
555 1609 615 1670 ego
637 1588 709 1654 heri
730 1590 764 1654 in
786 1590 864 1654 naui
885 1590 919 1653 in
943 1595 1041 1673 portu
1062 1590 1215 1657 Persico?

568 1717 783 1784 Alcumena

107 1826 185 1892 Mihi
207 1847 342 1912 quoque
365 1825 486 1892 adsunt
507 1832 622 1906 testes,
646 1827 702 1909 qui
729 1823 811 1891 illud
839 1827 928 1911 quod
955 1849 1015 1912 ego
1043 1828 1151 1894 dicam
1179 1829 1237 1894 ad-

827 1937 979 2001 sentiant¹

616 2041 732 2109 Sosia

106 2151 223 2217 Nescio
248 2151 329 2236 quid
352 2152 437 2216 istuc
459 2153 571 2234 negoti
593 2150 710 2232 dicam,
732 2153 794 2218 nisi
817 2153 844 2216 si
867 2151 1061 2236 quispiamst

106 2260 303 2345 Amphitruo
327 2259 418 2340 alius,
442 2257 513 2344 [qui
534 2257 622 2324 forte
643 2265 676 2322 tc
698 2257 752 2323 hic
775 2259 911 2324 absente
934 2265 1046 2324 tamen

107 2369 209 2434 Tuam
225 2389 299 2432 rem
316 2365 421 2449 curet]
439 2373 473 2432 te
489 2367 544 2448 qui
557 2367 694 2432 absente
705 2367 759 2431 hic
771 2389 888 2432 munus
898 2365 1055 2450 fungatur
1066 2372 1168 2433 tuum.
1185 2377 1238 2430 82⁰

107 2476 273 2560 [Namque
295 2475 335 2540 de
358 2475 414 2540 illo
438 2474 605 2540 subditiuo
629 2475 724 2540 Sosia
745 2477 863 2540 mirum
885 2475 1010 2555 uimist;

107 2583 201 2650 Certe
225 2585 268 2650 de
290 2585 374 2650 istoc
394 2582 632 2667 fflphitruone
655 2585 721 2648 iam
745 2583 887 2648 alterum
909 2585 1059 2649 mirumst
1080 2582 1208 2666 magis]

535 2753 536 2756 =
557 2715 623 2779 Am
657 2715 794 2779 hitruo

106 2821 226 2888 Nescio
251 2822 324 2904 quis
346 2823 580 2906 praestigiator
600 2737 687 2888 hinc
707 2823 887 2889 frustratur
908 2821 1087 2888 mulierem.

566 2953 785 3019 Alcumena

105 3061 169 3125 Per
190 3063 338 3145 supremi
359 3063 447 3146 regis
468 3083 605 3145 regnum
627 3063 698 3126 iuro
722 3066 756 3126 et
777 3066 918 3127 matrem
940 3060 1083 3127 familias

106 3167 277 3248 lunonem,
301 3189 398 3252 quam
420 3191 472 3235 me
495 3171 603 3234 uereri
625 3174 660 3234 et
681 3173 859 3234 metuerest
881 3189 942 3252 par
963 3190 1125 3250 maxume,
1187 3179 1238 3233 825

40 3349 41 3354 ἵ
106 3275 151 3341 Ut
172 3277 256 3342 mihi
278 3283 373 3342 extra
394 3299 495 3343 unum
516 3283 550 3342 te
572 3277 721 3342 mortalis
744 3298 840 3343 nemo
863 3298 981 3360 corpus
1004 3299 1141 3361 corpore

108 3383 265 3470 Contigit,
290 3406 354 3468 quo
377 3407 429 3452 me
451 3385 640 3470 inpudicam
662 3384 794 3450 laceret.

556 3515 794 3599 Amphitruo

800 3623 890 3689 Uera
910 3623 1014 3688 istaec
1034 3622 1144 3688 uelim.

565 3729 781 3796 Alcumena

107 3839 195 3905 Uera
218 3839 303 3920 dico,
326 3837 385 3904 sed
406 3839 614 3923 nequiquam,
639 3839 794 3923 quoniam
816 3861 882 3904 uon
905 3839 956 3904 uis
980 3838 1123 3906 credere.

555 3969 794 4054 Amphitruo
878 4053 889 4072 .

107 4077 229 4144 Mulier
250 4099 295 4160 es,
319 4077 477 4144 audacter
497 4078 594 4145 iuras.
634 4075 637 4080 ’

176 4335 230 4388 814
246 4333 421 4404 inpudicitia
462 4351 521 4390 nou
538 4338 638 4404 potest·
652 4349 753 4402 capere
822 4335 874 4388 816
893 4333 1017 4388 Oenauin
1084 4334 1137 4388 820
1153 4336 1237 4402 teque

108 4419 219 4473 absenti
