2976 5056
246 503 308 566 374
741 499 878 554 minaria

245 699 306 754 tem
335 693 438 754 similis
465 713 494 752 r.
519 695 595 766 250,
624 699 659 752 51
685 699 813 770 uterque
841 694 929 753 simul
957 695 1080 753 retineri
1113 716 1172 755 non
1199 699 1311 772 possit.
1342 727 1387 738 -

247 798 319 856 249.
343 790 486 870 discesti,
514 815 542 854 v.
564 794 683 872 Prolcg.
711 816 741 874 p.
766 799 837 855 211.
867 827 910 838 -
940 791 1047 856 abiisti
1074 803 1219 875 quattuor
1250 799 1386 875 syllabis

245 898 501 977 pronuntiandum
530 917 593 956 esse
622 917 724 956 versus
747 897 887 956 ostendit.
911 927 953 938 -—
976 900 1047 958 250.
1072 893 1175 976 Iyitur
1195 901 1386 977 interpretes

246 1021 312 1060 cum
328 1000 574 1060 antecedentibus
597 1001 766 1072 iunxerunt,
791 1000 876 1076 quasi
899 1005 978 1060 esset
1003 999 1108 1073 „ideo“
1134 1007 1187 1061 aut
1212 999 1385 1076 „idcireo“,

246 1102 325 1179 quod
347 1102 412 1162 11511
435 1123 494 1161 non
515 1106 626 1179 potest,
651 1102 677 1158 si
700 1101 820 1178 quidem
842 1102 905 1160 haec
928 1120 985 1160 vox
1008 1122 1068 1162 non
1091 1123 1209 1164 oausam
1231 1109 1287 1164 aut
1312 1123 1385 1164 eon·

245 1206 359 1277 silium,
384 1204 436 1264 sed
458 1205 696 1263 consecutionem
724 1203 772 1260 vel
801 1201 923 1262 effeetus
946 1203 992 1261 vel
1014 1205 1108 1264 solius
1130 1207 1276 1284 temporis
1305 1203 1384 1280 (vid.

245 1307 284 1366 ad
305 1307 414 1384 Amph.
439 1301 513 1377 207)
543 1305 705 1383 significet,
729 1304 837 1381 Amph.
864 1307 923 1364 336
952 1311 1050 1364 autem
1080 1309 1153 1384 quin
1179 1309 1259 1366 male
1287 1329 1383 1368 manu

246 1408 379 1468 additum
409 1409 461 1481 sit,
490 1428 575 1466 nomo
605 1407 730 1466 dubitat.
776 1407 837 1465 Aut
864 1407 958 1482 igitur
985 1427 1044 1466 vox
1072 1414 1213 1487 corrupta
1241 1415 1303 1482 est,
1331 1415 1386 1468 aut

245 1531 322 1570 nova
345 1513 493 1570 sententia
515 1509 585 1568 inde
607 1509 792 1586 incipienda,
817 1508 916 1584 quasi:
946 1509 1009 1581 „Tu
1032 1511 1135 1586 igitur,
1159 1511 1233 1587 quid
1255 1509 1383 1570 fecisti?

245 1609 454 1672 Dormitasti“.
483 1611 543 1672 Neo
563 1611 691 1671 aPlauti
708 1613 824 1668 ratione
841 1609 898 1670 hoo
915 1609 1076 1670 abhorrere
1093 1611 1234 1672 arbitror.
1264 1613 1385 1673 Similis

245 1717 327 1775 locus
350 1721 394 1775 est
413 1715 505 1774 Mero.
525 1716 601 1774 34οε
630 1712 743 1791 „Igitur
765 1713 872 1772 hocine
894 1718 940 1771 est
963 1711 1104 1772 amare?“
1131 1735 1314 1792 quamquam
1338 1716 1383 1774 ibi

245 1839 363 1896 quoque
391 1818 427 1875 de
455 1819 581 1875 veritate
611 1817 766 1892 scriptura
796 1814 965 1874 dubitatum
995 1823 1049 1874 est.
1075 1846 1112 1856 -
1139 1819 1210 1876 252.
1238 1811 1328 1893 Quin
1351 1820 1384 1875 in

245 1919 454 1978 adhortatione
472 1919 552 1996 apud
563 1917 704 1976 Plautum
723 1924 784 1975 tam
807 1937 872 1975 cum
895 1917 1057 1976 indicativo
1081 1937 1170 1994 quam
1193 1939 1259 1978 cum
1282 1921 1382 1997 impe

245 2024 342 2080 rativo
370 2023 520 2096 iungitur3
550 2041 603 2080 nec
627 2022 652 2078 si
674 2021 819 2095 scriptum
842 2023 934 2076 esset:
970 2018 1065 2091 „Quin
1088 2022 1176 2079 reicis
1199 2067 1206 2078 .
1227 2067 1259 2079 ..
1284 2027 1382 2098 atque

244 2121 375 2202 rccips“‚
399 2123 558 2182 admodum
581 2121 745 2182 offenderet
769 2117 818 2194 (51.
840 2120 877 2180 56
894 2120 960 2179 Μ11.
981 2119 1065 2194 523),
1089 2143 1156 2180 nam
1180 2124 1381 2201 imperativus

245 2231 335 2287 etiam
365 2229 427 2286 sine
455 2225 604 2303 particula
630 2224 825 2298 intelligitur3
855 2229 888 2280 ut
916 2222 963 2280 hic
992 2229 1052 2282 est:
1091 2224 1187 2297 „Quin
1209 2227 1286 2284 15155
1314 2272 1321 2284 .
1346 2273 1379 2284 ..

245 2337 334 2407 atque
362 2327 501 2406 recipis“,
531 2327 659 2401 intelligi
687 2346 745 2384 non
772 2330 888 2402 potest,
919 2327 1053 2402 quamvis
1084 2326 1225 2386 defendat
1253 2328 1379 2398 Miiller,

244 2433 414 2510 Nachtrtge
436 2451 466 2509 p.
493 2435 519 2490 5.
566 2429 663 2500 Quare
686 2427 849 2487 Lambinus
879 2432 909 2484 et
936 2427 1006 2486 inde
1030 2429 1067 2486 ab
1092 2447 1126 2486 55
1149 2449 1250 2489 omnes
1272 2429 1378 2490 edide-

244 2539 331 2595 runt:
359 2534 454 2607 „Quin
549 2534 645 2603 reicis,
664 2531 821 2605 segnitiem
842 2527 992 2588 amoues“.
1027 2530 1113 2602 Quod
1131 2551 1184 2589 our
1201 2539 1378 2608 corruptum

244 2641 296 2710 sit,
326 2657 403 2714 aegra
431 2636 620 2714 perspicitur.
667 2633 743 2692 Mihi
771 2634 833 2690 veri
862 2633 986 2690 similius
1014 2632 1148 2706 videtur,
1177 2634 1377 2710 posteriorem

245 2759 363 2800 versum
397 2744 570 2816 corruptum
599 2757 662 2794 csse
698 2755 732 2793 55
764 2755 821 2813 pro
859 2739 907 2808 „te
936 2731 1063 2810 recipis“
1095 2735 1283 2804 scribendum
1314 2755 1378 2794 esse

249 2843 365 2919 „recipe
387 2837 448 2899 te“.
483 2839 530 2897 Ad
552 2840 681 2922 phrasin¹
700 2838 736 2896 ci.
759 2836 827 2896 Ter.
852 2836 908 2894 Ad.
929 2839 983 2895 71:
1012 2837 1053 2909 ,51
1076 2841 1178 2914 sperat
1200 2835 1263 2896 iore
1288 2839 1375 2910 51515,

245 2964 348 3003 rursus
372 2942 409 3002 ad
432 2942 583 3018 ingenium
604 2937 714 2999 redit“.
748 2939 846 3012 55155,
866 2940 885 2998 i.
899 2959 924 2998 5.
945 2943 1109 3016 antiquum,
1129 2940 1164 2998 ci.
1178 2939 1287 3018 Amph.
1305 2941 1375 3001 118.

221 3078 286 3116 ,-
310 3048 371 3106 254
389 3066 433 3122 sq.
457 3043 536 3118 Noli,
561 3045 669 3120 inquit,
694 3043 769 3101 alios
791 3043 903 3100 imitari
926 3061 1036 3114 551155,
1060 3043 1111 3118 qui
1135 3042 1301 3100 calliditate
1325 3063 1377 3102 sua

245 3169 304 3208 non
338 3148 376 3208 ad
409 3145 601 3218 servandum,
636 3143 688 3202 sed
724 3144 762 3202 ad
794 3143 994 3202 fraudandum
1027 3143 1131 3202 berum
1165 3149 1300 3228 utuntur.
1339 3173 1376 3185 ·-

244 3253 317 3310 256.
344 3245 440 3326 Quem
461 3241 692 3308 intervortam?
719 3251 738 3306 1.
763 3267 786 3304 5.
810 3245 959 3318 fraudem,
983 3247 1113 3323 privem,
1142 3247 1177 3305 51.
1202 3248 1281 3305 infra
1305 3249 1376 3308 356.

243 3353 352 3411 Pseud.
377 3353 448 3412 904.
482 3350 560 3410 Rud.
587 3351 678 3410 1400.
704 3379 747 3390 -
779 3342 917 3409 Oelocem
941 3345 987 3422 (Β.
1011 3349 1075 3407 5515
1098 3345 1153 3422 e'e).
1199 3347 1272 3408 Cum
1301 3369 1377 3408 nave

244 3455 446 3533 speculatoria
468 3455 617 3531 ingenium
642 3473 727 3510 suum
751 3451 873 3509 fallendi
892 3453 1060 3510 occasiones
1083 3451 1217 3528 undique
1239 3471 1377 3528 quaereus

241 3549 406 3634 comparat.
447 3556 508 3614 Has
532 3567 621 3614 nates
639 3553 758 3614 Graecos
781 3556 889 3624 κέλητας
913 3553 1079 3630 appellasse
1100 3553 1214 3612 Gellius
1231 3553 1268 3626 X,
1289 3555 1339 3626 25,
1360 3557 1375 3610 5

244 3660 347 3719 tradit.
392 3659 508 3718 Nonius
535 3678 566 3736 p.
592 3659 668 3716 532:
706 3658 875 3733 „navigium
908 3655 1014 3730 breve,
1049 3655 1159 3716 dictum
1193 3677 1211 3714 a
1238 3655 1378 3715 55151115·

245 3759 351 3835 dine“;
376 3761 463 3820 affert
485 3766 515 3820 et
537 3761 566 3820 h.
589 3761 610 3820 l.
634 3765 664 3818 et
687 3757 773 3838 Capt.
792 3760 852 3818 866
877 3763 907 3818 51
930 3758 1011 3817 Poen.
1033 3759 1108 3830 546;
1131 3757 1375 3818 acamisso.

246 3863 355 3923 Pseud.
382 3865 472 3924 1304.
500 3893 544 3903 -—
578 3864 639 3921 257
663 3881 707 3939 sq.
737 3858 938 3938 iapctcitum,
969 3859 1194 3938 iacuparctum
1219 3859 1279 3936 eat,
1308 3861 1328 3918 i.
1353 3881 1376 3918 5.

246 3967 370 4026 (1551515
393 3967 580 4025 sententiam
593 3966 717 4042 quesivi
739 3971 769 4023 51
792 3965 932 4043 auspiciis
954 3963 1117 4042 exploravi,
1142 3963 1375 4024 5101501515.

245 4069 268 4142 Ι,
296 4070 343 4142 16,
369 4070 424 4128 28:
452 4073 504 4141 ,51
526 4089 604 4128 nuno
627 4071 711 4141 extis,
734 4070 778 4126 sic
800 4075 872 4128 tune
894 4067 998 4127 avibus
1021 4085 1134 4144 magnae
1156 4087 1205 4124 res
1227 4067 1377 4144 impetriri

247 4169 415 4231 solebant“.
449 4171 487 4244 Π,
509 4173 556 4244 15,
578 4173 633 4230 35;
661 4175 713 4244 ,51
735 4173 770 4243 15,
795 4172 847 4248 qui
869 4171 1024 4247 impetrire
1046 4169 1129 4242 velit,
1154 4169 1378 4228 convenientem

245 4274 375 4334 hostiam
403 4273 491 4332 rebus
514 4275 575 4332 suis
598 4271 762 4332 immolet“.
798 4271 864 4331 Vel.
887 4271 967 4331 Max.
992 4273 1020 4345 1,
1048 4275 1079 4345 1,
1106 4273 1133 4331 1.
1177 4267 1378 4346 inumerare,

245 4396 274 4434 v.
297 4376 363 4436 Liv.
387 4376 410 4447 1,
436 4377 463 4446 6,
488 4377 506 4432 4
530 4381 561 4434 51
584 4376 633 4447 36,
658 4377 687 4432 4.
730 4375 811 4434 bono
833 4377 876 4433 ait
899 4393 930 4432 se
954 4379 1121 4434 assecutum
1144 4374 1284 4452 auspicia,
1309 4395 1377 4433 arcs
