2960 5038
586 496 619 552 v.
638 499 746 552 eo-re.
918 565 922 572 Ι
1162 503 1229 564 ,241

79 709 141 766 per
165 696 275 750 totam
298 711 431 764 caveam,
454 694 473 750 i.
499 713 524 750 e.
548 711 603 770 per
625 713 728 751 omnes
756 693 991 770 spectaculorum
1019 693 1142 770 gradus,
1172 695 1231 752 sin·

77 793 159 868 gula
191 795 343 854 subsellia
370 795 550 854 circumeant
576 800 621 867 et,
654 796 680 853 si
714 815 801 872 quem
834 800 1032 873 spectatorem
1064 797 1233 855 invenerint

79 903 170 954 certo
211 898 306 956 alicui
336 897 477 957 histrioni
506 898 586 957 ultra
616 919 704 974 quarn
733 919 860 976 aequum
894 901 935 956 sit
967 899 1130 972 faventem,
1165 919 1232 958 eum

76 998 151 1076 lege
178 1005 357 1060 coerceant.
400 999 481 1059 Fieri
503 1001 559 1060 hoc
580 1022 679 1079 posse,
704 1004 729 1060 si
752 1021 806 1079 per
827 1003 961 1079 pignoris
984 1007 1137 1080 cepionem
1162 1020 1231 1077 aga·

77 1107 150 1175 tur,
190 1109 235 1162 nt
265 1109 338 1180 toga
369 1123 425 1180 pro
464 1105 589 1182 pignore
627 1108 763 1182 capiatur
801 1125 854 1164 nec
892 1106 952 1164 nisi
990 1105 1118 1184 probata
1151 1105 1231 1183 epud

77 1204 211 1264 iudices
238 1227 326 1266 causa
347 1207 533 1266 restituetur.
578 1206 697 1266 Etenim
725 1210 756 1266 in
783 1207 903 1266 theatro
932 1227 992 1266 non
1020 1211 1119 1267 minus
1142 1228 1229 1284 quem

77 1310 113 1365 in
132 1309 275 1370 comitiis
290 1311 517 1386 magistratuum
535 1309 730 1369 creandorum
748 1310 877 1369 ambitus
895 1309 975 1388 leges
993 1311 1094 1369 velere
1107 1311 1227 1381 debere,

80 1415 113 1467 et
138 1413 332 1470 coercendos
355 1431 418 1470 esse
434 1416 496 1471 tam
514 1417 565 1488 qui
588 1413 647 1490 ipsi
669 1413 840 1486 ambierint,
864 1433 953 1490 quam
976 1417 1028 1490 qui
1049 1415 1159 1472 litteris
1179 1419 1231 1472 eut

81 1514 294 1573 internuntiis
316 1518 364 1574 usi
387 1516 458 1572 sint.
479 1545 534 1562 -»
551 1508 789 1592 Conquisttores
811 1517 967 1589 dicuntur,
991 1517 1042 1593 qui
1064 1515 1176 1574 milites
1199 1517 1230 1574 iu

83 1617 262 1674 exercitum
286 1620 480 1694 conquirunt,
510 1621 562 1695 qui
590 1637 692 1676 servos
719 1618 862 1695 fugitivos
892 1625 945 1678 aut
968 1620 1087 1679 omuino
1112 1616 1230 1676 abditas

82 1735 135 1774 res
161 1721 369 1797 investigent,
392 1741 420 1778 v.
443 1720 535 1779 Mero.
561 1720 637 1779 656:
670 1720 727 1792 „od
748 1727 918 1798 praetorem
946 1723 1015 1781 ilico
1044 1721 1108 1792 ibo,
1137 1721 1229 1779 crebo

83 1825 122 1878 ut
146 1825 376 1899 conquisitores
404 1821 455 1881 det
481 1823 555 1882 mihi
583 1824 615 1881 in
637 1825 712 1882 uicis
736 1823 905 1883 omnibus“.
951 1825 1089 1883 Ceterum
1119 1827 1150 1880 et
1177 1824 1230 1881 illo

84 1922 157 1981 loco
192 1931 226 1984 et
252 1931 357 1986 nostro
386 1930 416 1983 et
443 1925 523 1983 infra
549 1944 577 1984 v.
603 1927 642 1983 82
673 1931 802 1984 metrum
829 1927 962 1986 ostendit
988 1931 1042 1985 eut
1074 1929 1230 2002 „conquis-

87 2024 197 2084 tores“
224 2029 412 2088 scribendum
437 2049 514 2100 esse,
544 2035 579 2086 ut
607 2033 638 2086 et
666 2029 717 2088 alii
746 2035 777 2087 et
798 2029 974 2088 Fleckeisen
1002 2031 1152 2101 fecerunt,
1178 2035 1230 2088 eut

90 2129 382 2206 „conquaestores“,
404 2135 439 2190 ut
460 2130 684 2190 Lechmennum
713 2131 751 2190 ad
774 2132 893 2199 Lucret.
917 2131 973 2205 VI,
1000 2133 1081 2190 1067
1111 2137 1230 2189 secutus

88 2227 291 2292 Ritschelius.
318 2263 362 2274 -
387 2229 517 2311 cinyreia
545 2255 581 2292 ex
609 2233 674 2292 cod.
697 2233 724 2292 D
746 2233 861 2292 Bitsch.
885 2233 1007 2309 Parerg.
1037 2255 1066 2312 p.
1092 2236 1163 2293 221.
1190 2263 1228 2272 -

91 2331 143 2392 67.
168 2331 346 2412 sonitore-w
378 2341 501 2414 antique
529 2338 626 2396 forms
654 2337 842 2396 restituenda
871 2342 949 2410 eret,
979 2341 1119 2414 quoniam
1148 2341 1230 2394 extat

90 2451 119 2490 v.
140 2437 184 2495 78
206 2443 236 2496 et
253 2441 305 2498 79.
321 2468 365 2480 -
381 2435 416 2498 in
438 2453 542 2512 cauea,
564 2443 597 2499 in
614 2440 733 2498 theatro
756 2443 823 2518 ipso
846 2442 1036 2517 omniumque
1059 2443 1229 2518 conspectu.

187 2541 238 2599 69.
260 2540 296 2599 In
317 2541 373 2601 hoc
399 2561 489 2600 versu
517 2543 542 2599 si
570 2543 685 2601 numeri
713 2543 771 2602 soli
800 2543 934 2620 corrupti
962 2547 1074 2616 essent,
1103 2541 1230 2601 fortasse

93 2642 280 2715 probaretur
302 2641 404 2702 Guieti
433 2645 641 2722 transpositio:
675 2643 762 2717 „Siue
785 2645 947 2704 ambissent
970 2642 1057 2722 qui“;
1086 2645 1139 2703 aed
1166 2665 1230 2704 eam

94 2746 278 2822 corruptele
306 2747 518 2822 suspicionem,
543 2767 633 2825 quam
654 2752 777 2806 movent
800 2753 944 2824 quattuor
969 2767 1072 2807 versus
1094 2749 1230 2807 continui

95 2847 133 2905 eb
159 2849 265 2908 eodem
287 2849 432 2908 vocabulo
459 2851 648 2927 incipientes,
679 2853 836 2909 sententie
864 2853 943 2908 retio
970 2851 1139 2923 confirmat,
1162 2870 1229 2927 quae

95 2952 196 3024 primo
226 2953 347 3027 quidem
374 2951 440 3010 loco
461 2953 648 3029 particulam
680 2951 787 3026 „Siue“
811 2957 863 3012 vix
884 2957 1010 3031 patitur.
1055 2953 1120 3012 Hoc
1142 2954 1229 3012 intel·

96 3049 173 3113 lexit
188 3055 246 3128 Fl.,
270 3057 322 3131 qui
346 3054 392 3113 ed.
419 3053 515 3126 „Nam
538 3057 565 3113 si
587 3057 639 3133 qui
662 3055 793 3132 palmam
818 3052 1006 3114 ambiseiut“.
1039 3055 1110 3114 Veri
1135 3056 1229 3114 simile

96 3156 220 3216 videtur
248 3175 313 3216 voc.
337 3151 415 3217 Siue
443 3175 543 3216 errore
571 3178 608 3215 ex
635 3160 770 3235 proximo
797 3179 885 3218 versu
909 3159 1076 3234 irrepsisse.
1100 3187 1143 3198 -
1164 3173 1229 3217 am·

98 3249 231 3332 usone
255 3261 275 3317 i.
299 3279 324 3318 e.
348 3259 525 3332 ambierint,
549 3260 738 3318 scribendum
761 3281 825 3319 esse
848 3264 879 3318 et
900 3261 948 3319 hic
971 3265 1002 3318 et
1022 3279 1050 3318 v.
1075 3261 1113 3318 71
1139 3259 1227 3318 Lam-

96 3357 185 3420 binus
207 3362 294 3435 ridit,
318 3366 457 3440 quonism
475 3368 651 3439 sequeretur
667 3383 694 3422 u.
714 3365 753 3422 72
781 3361 916 3437 „duint“.
951 3362 1025 3422 Post
1046 3362 1076 3422 h.
1099 3383 1127 3422 v.
1152 3365 1229 3421 exci-

99 3461 177 3522 disse
216 3464 331 3541 aliquid
368 3469 486 3525 numeri
525 3466 703 3538 ostendunt3
748 3465 819 3525 dum
863 3464 988 3524 meliora
1026 3466 1227 3536 invenientur,

99 3567 228 3644 exempli
250 3587 339 3626 cause
360 3569 449 3646 posui
471 3563 523 3629 bic
543 3565 621 3629 erbe.
644 3599 688 3608 —
710 3570 760 3627 70.
785 3562 863 3628 Siue
885 3561 1131 3640 fortusse',Seu“
1157 3585 1228 3642 pro·

100 3669 308 3743 nuntiandum,
331 3691 401 3730 nam
423 3673 538 3751 primus
559 3691 663 3730 versus
685 3690 738 3749 pes
762 3676 807 3730 est
832 3657 920 3743 ,Siue
939 3667 1048 3746 quoi“;
1073 3668 1229 3728 ettamen

99 3789 127 3830 v.
140 3773 180 3832 84
194 3778 224 3831 et
234 3773 351 3850 Proleg.
364 3793 393 3852 p.
411 3775 479 3833 181.
490 3804 533 3814 -
547 3777 596 3833 71.
612 3769 678 3850 ipet'
694 3774 765 3832 olim
782 3773 986 3846 emendatum,
1005 3769 1061 3849 qut
1077 3791 1131 3830 nos
1148 3771 1228 3830 dele·

100 3876 210 3948 vimus3
228 3895 266 3933 ex
277 3876 466 3936 antecedenti
482 3896 571 3936 versu
588 3881 687 3934 ortum
703 3875 873 3936 videbatur.
886 3905 930 3915 -
941 3877 992 3934 72.
1004 3875 1063 3934 Pro
1077 3869 1229 3935 aedtbiles

102 3978 163 4038 cod.
181 3977 218 4037 D.
236 3975 260 4036 Ι.
280 3983 349 4036 cett.
367 3973 496 4054 aediles,
513 3981 603 4057 idque
621 3979 753 4038 editores
771 3979 900 4056 amplexi
918 3983 997 4038 sunt.
1033 3976 1119 4050 Quod
1138 3997 1226 4053 quum

101 4082 266 4141 subiectum
295 4080 378 4141 verbi
411 4080 534 4155 „duint“
565 4083 733 4155 videretur,
762 4101 817 4158 pro
846 4081 963 4140 obiecto
994 4075 1160 4158 ,pelmem“
1192 4099 1228 4138 ex

102 4201 127 4242 v.
150 4185 190 4243 69
213 4183 391 4256 audiebant3
422 4185 524 4244 ediles
551 4188 650 4257 aiunt,
681 4186 733 4262 qui
754 4185 834 4243 ludis
860 4189 1036 4261 praesssent,
1060 4186 1174 4241 iurasse
1196 4201 1228 4240 se
1268 4241 1270 4244 .

102 4285 153 4360 illi,
177 4289 229 4363 qui
253 4287 365 4365 optime
388 4291 484 4361 egisse
507 4291 589 4348 risus
612 4293 699 4360 esset,
722 4288 852 4365 palmum
872 4286 1005 4344 daturos.
1040 4284 1127 4357 Quod
1149 4281 1228 4342 unde

104 4394 245 4460 noverint,
269 4391 384 4462 nescio,
407 4389 483 4448 illud
506 4388 635 4462 affirmo,
665 4393 717 4467 qui
745 4389 822 4448 male
845 4388 1018 4460 iudicarint,
1042 4407 1145 4446 eorum
1167 4405 1227 4444 non

991 4501 1023 4554 16
