2968 5030
272 511 335 572 400
766 509 901 563 Asinaria.

272 706 302 759 et
325 700 520 778 vectigalibus
535 703 631 760 Asiae:
655 701 686 762 C.
705 701 820 762 Licinio
842 723 888 781 pr.
911 705 1037 780 remiges
1055 702 1160 763 scribti
1179 703 1257 762 ciues
1266 703 1375 762 Romani

271 803 326 861 sub
348 804 552 882 portisculum,
576 803 630 862 aab
647 803 773 879 flagrum
791 804 951 865 conscribti
968 807 1088 865 ueniere
1105 801 1246 884 passim“.
1276 803 1376 864 Nonius

271 905 291 962 l.
310 906 345 964 l.:
374 905 574 978 „Portisonlns
591 907 712 985 proprie
729 911 776 966 est
791 907 931 966 hortator
946 905 1108 985 remigum“
1130 904 1274 981 (minime)
1296 906 1376 980 ,iden
1443 966 1447 977 ,

271 1009 323 1085 qui
345 1007 467 1067 eandem
490 1009 633 1086 perticam
657 1015 754 1082 tenet,
778 1029 844 1086 quae
865 1009 1045 1087 portisculus
1068 1009 1188 1083 dicitnr,
1213 1031 1269 1087 qua
1288 1029 1377 1068 excur-

221 1151 223 1154 -
269 1130 335 1169 sum
358 1117 388 1168 et
410 1110 638 1170 exhortamenta
660 1112 840 1171 moderatur.
884 1113 1009 1172 Plautus
1031 1113 1185 1172 Asinaria:
1279 1113 1322 1172 Ad
1340 1113 1377 1171 lo·

270 1212 420 1290 quendum
448 1205 550 1290 etquc'
567 1213 606 1272 ad
628 1214 784 1274 tacendum
807 1219 841 1274 tu
863 1221 897 1274 ut
919 1215 1010 1274 hebes
1031 1216 1236 1294 portisculum.
1280 1215 1377 1274 Ennius
1462 1229 1463 1236 ’

270 1315 321 1374 lib.
335 1313 406 1372 vm
417 1315 590 1374 Annalium:
616 1361 665 1374 ...
689 1317 843 1391 Parerent,
863 1317 1066 1391 obseruarent,
1085 1319 1262 1395 portisculus
1278 1319 1376 1396 signnm

269 1417 343 1476 Cum
366 1417 438 1476 dere
458 1419 612 1495 coepisset.
648 1418 791 1478 Laberius
803 1419 944 1496 Cythera:
969 1440 1024 1480 neo
1039 1421 1206 1497 palmarum
1222 1421 1319 1498 pulsus
1334 1441 1377 1479 nec

270 1519 456 1597 portisculi“.
474 1551 518 1561 -
536 1523 606 1580 515.
628 1517 720 1597 Quin,
740 1524 758 1580 i.
773 1541 798 1580 e.
821 1526 911 1598 „quin
929 1520 1049 1580 etiam“.
1085 1523 1290 1582 Ohedientiam
1307 1543 1376 1582 suan
1462 1571 1463 1578 .

204 1627 207 1634 '
269 1623 415 1701 praedicet
437 1629 467 1682 et
489 1621 607 1681 laudari
632 1644 696 1682 eam
718 1645 736 1682 a
758 1631 852 1684 matre
870 1625 942 1697 vult,
965 1643 1033 1682 nam
1051 1624 1089 1682 ab
1107 1643 1138 1682 se
1156 1644 1272 1682 omnem
1288 1625 1378 1683 domus
1462 1677 1463 1680 ,

269 1725 395 1783 salutem
418 1725 564 1804 pendere;
587 1727 612 1784 si
635 1727 700 1804 ipss
722 1731 856 1803 quiescat
879 1746 897 1785 e
918 1726 1022 1785 labore
1047 1733 1077 1784 et
1104 1745 1238 1802 quaerere
1265 1727 1378 1798 desinet,

269 1848 329 1886 non
352 1827 524 1886 habituram
555 1828 712 1901 familiam,
736 1829 814 1888 unde
837 1833 1032 1887 sustentetur.
1078 1827 1222 1886 Remanet
1243 1831 1380 1888 antemio
1462 1819 1463 1874 j

268 1929 463 1989 similitudine
497 1951 514 1988 a
547 1937 641 1990 matre
671 1933 799 2008 incepta.
854 1924 1037 2003 „Casterla“
1076 1932 1119 1989 ait
1145 1931 1261 1990 Nonius
1292 1951 1318 2008 p.
1346 1933 1379 1989 85

271 2033 372 2107 „locus
395 2033 455 2106 ubi,
481 2053 545 2091 cum
568 2034 719 2107 navigatio
744 2033 935 2108 conquiescit,
958 2035 1034 2091 remi
1056 2038 1086 2092 et
1107 2034 1303 2110 gubernacula
1320 2054 1380 2092 con·

268 2138 435 2212 quiescunt.
480 2135 604 2193 Plautus
626 2134 764 2198 Asinaria
787 2131 862 2194 etc.“
909 2135 1043 2212 Apparet
1070 2155 1136 2194 eum
1159 2138 1258 2196 omnin
1280 2157 1313 2195 ex
1332 2136 1381 2194 hoc
1462 2169 1463 2204 ,

268 2257 327 2296 uno
350 2237 414 2295 loco
438 2237 585 2310 hausisse,
609 2238 687 2296 hunc
709 2243 807 2296 autem
829 2256 935 2314 parum
958 2237 1148 2297 intellexisse.
1182 2239 1292 2315 ,Neque
1313 2240 1381 2296 enim
1462 2215 1463 2262 3

269 2341 411 2398 meretrix
428 2359 459 2398 se
477 2360 542 2398 cum
561 2359 652 2412 remo,
669 2340 722 2399 sed
742 2361 816 2399 cum.
827 2341 939 2414 remige
962 2346 1123 2416 comparet,
1148 2361 1242 2418 neque
1266 2341 1383 2400 casteria
1462 2371 1463 2378 .

268 2441 352 2500 locus
374 2449 429 2513 est,
451 2441 503 2500 ubi
526 2443 599 2500 remi
622 2447 815 2518 reponuntur,
840 2441 892 2500 sed
913 2441 966 2501 ubi
988 2445 1114 2517 remiges
1137 2448 1300 2522 quieseunt,
1322 2445 1339 2501 i.
1359 2465 1382 2502 e.

269 2543 440 2601 tabulatum
474 2543 573 2617 narie,
605 2543 685 2621 quod
712 2543 807 2604 Graeci
836 2547 1015 2621 κατάστρωμα
1044 2545 1154 2605 dicunt.
1183 2575 1227 2586 --
1253 2541 1385 2622 repositi

270 2649 424 2721 antiquam
447 2645 572 2704 fonnem
594 2646 623 2705 h.
648 2647 667 2706 l.
692 2649 822 2706 servavit
838 2646 872 2720 Β,
891 2647 1054 2724 eademque
1076 2649 1151 2708 latet
1173 2650 1203 2706 in
1227 2647 1386 2726 corruptela
1462 2635 1463 2644 ¹

269 2747 359 2804 Nonii
380 2747 577 2824 „repulsaui“.
601 2748 732 2808 Eandem
752 2749 877 2809 formam
896 2749 1062 2808 codicemB
1079 2771 1198 2852 servpre
1210 2749 1306 2810 Oasin.
1319 2751 1384 2808 795.

269 2849 376 2908 Pseud.
404 2853 493 2909 1279.
539 2851 620 2910 Trin.
654 2853 722 2910 145.
767 2851 886 2910 Trucul.
916 2853 977 2910 45⁷
1012 2852 1225 2911 animadvertit
1256 2851 1385 2922 Bitschl,

269 2951 401 3010 Menum.
426 2952 580 3030 epigrapb.
604 2955 664 3011 tria
686 2974 714 3030 p.
741 2957 768 3012 5.
814 2953 906 3013 Extat
934 2955 966 3012 in
989 2953 1233 3032 inscriptionibus
1257 2953 1385 3015 o.1.1..
1462 3007 1463 3010 ,

268 3055 291 3126 Ι,
317 3075 343 3113 n.
367 3057 435 3114 199.
461 3056 531 3113 551.
559 3057 649 3116 1009.
677 3059 767 3115 1284.
786 3087 828 3097 -—
848 3050 959 3117 Omnis
977 3051 1120 3131 familiae
1137 3071 1232 3116 causo
1251 3053 1388 3116 concutit

270 3153 335 3231 tibi,
358 3157 378 3214 i.
398 3178 422 3215 e.
447 3159 543 3216 victam
562 3165 665 3231 cessat,
686 3158 799 3216 reditus
817 3158 873 3217 tibi
889 3179 950 3218 non
969 3159 1096 3236 amplius
1113 3157 1217 3217 fluunt.
1232 3158 1387 3216 -Versus

270 3261 415 3318 515-16
439 3259 628 3333 Fleckeisen,
654 3261 742 3320 credo
765 3263 837 3338 quie
857 3281 964 3339 parum
987 3267 1056 3338 apte
1079 3262 1105 3319 ei
1129 3281 1194 3320 cnm
1216 3259 1386 3320 anteceden-

266 3362 348 3420 tibus
372 3363 455 3436 iungi
478 3361 663 3435 videbantur,
687 3383 740 3421 sno
762 3363 827 3422 loco
850 3369 948 3422 motos
970 3366 1039 3439 poet
1058 3363 1117 3422 508
1135 3365 1250 3441 posuit,
1274 3363 1325 3422 sed
1341 3363 1386 3420 rix

268 3469 348 3521 recte
377 3463 441 3522 fieri
468 3470 582 3541 potest,
611 3471 646 3523 ut
669 3485 686 3524 a
707 3485 734 3524 v.
761 3465 835 3537 514,
864 3464 915 3524 ubi
943 3464 1126 3543 portisculu's
1148 3465 1278 3542 primum
1300 3467 1386 3526 nomi·

267 3573 364 3638 natur,
389 3565 576 3624 divellantur.

354 3669 424 3726 518.
449 3664 544 3727 notui.
590 3671 750 3746 Antiquam
781 3668 864 3728 verbi
891 3667 1014 3728 sormam
1038 3669 1101 3728 cod.
1127 3669 1243 3728 Binda
1266 3670 1386 3730 abAsi·
1462 3695 1463 3704 ¹

265 3771 351 3827 naris
373 3775 545 3829 constanter
573 3777 680 3829 servat.
705 3801 747 3811 -
770 3773 840 3831 519.
865 3765 1061 3847 contoquiue,
1084 3772 1104 3829 i.
1128 3791 1152 3830 e.
1177 3776 1231 3830 ant
1252 3773 1385 3850 colloqui,

266 3872 302 3929 ct.
327 3870 465 3950 Propert.
490 3873 533 3944 11,
561 3875 673 3946 1,23:
712 3872 796 3944 „Nos
830 3893 883 3951 ego
911 3873 1032 3932 Titanas
1066 3891 1215 3946 canerem,
1242 3874 1386 3934 ...Non

266 3979 383 4032 veteres
406 3975 522 4034 Thebas
546 3993 599 4032 nec
617 3973 762 4048 Pergama
785 4019 791 4032 .
811 4019 818 4033 .
839 4021 845 4033 .
869 3975 1008 4053 Regnare
1029 3977 1127 4054 prima
1147 3975 1232 4034 Remi
1256 3981 1309 4034 out
1331 3977 1386 4036 ani·

265 4093 329 4133 moe
351 4075 540 4152 Carthaginis
563 4073 659 4134 altat
682 4103 726 4114 -
750 4078 819 4136 520.
843 4071 897 4136 Aa
921 4078 954 4136 du
978 4072 1043 4137 tibi.
1081 4077 1189 4136 Versus
1218 4097 1310 4138 causa
1339 4083 1385 4137 sut

266 4191 309 4236 aa
337 4184 389 4236 aut
417 4178 450 4237 tu
477 4176 642 4238 tollendum
671 4178 802 4236 videtur.
830 4209 874 4218 -
901 4175 982 4241 diota
1011 4175 1116 4253 dosa,
1146 4178 1181 4238 ci.
1206 4179 1288 4240 Trin.
1315 4183 1385 4240 380:

269 4278 385 4351 „Multa
407 4299 460 4357 ego
482 4299 603 4357 possum
625 4278 715 4338 docta
737 4279 816 4338 dicta
839 4287 869 4340 et
891 4283 1027 4359 quamuis
1040 4267 1042 4272 ’
1055 4281 1181 4342 facunde
1210 4281 1326 4360 loqui“.
1348 4311 1387 4322 -

267 4381 339 4438 523.
363 4395 416 4440 eos
443 4380 575 4440 abundat
602 4387 671 4458 post
697 4377 787 4459 illoc,
816 4383 851 4443 ci.
875 4371 981 4444 Bacch.
1007 4387 1082 4445 383:
1118 4383 1258 4458 „Homini
1286 4388 1385 4455 emico,
