<?xml version="1.0" encoding="UTF-8"?>
<!DOCTYPE html PUBLIC "-//W3C//DTD XHTML 1.0 Transitional//EN"
    "http://www.w3.org/TR/xhtml1/DTD/xhtml1-transitional.dtd">
<html xmlns="http://www.w3.org/1999/xhtml" xml:lang="en" lang="en">
 <head>
  <title>
</title>
<meta http-equiv="Content-Type" content="text/html;charset=utf-8" />
  <meta name='ocr-system' content='tesseract 3.04.00' />
  <meta name='ocr-capabilities' content='ocr_page ocr_carea ocr_par ocr_line ocrx_word'/>
</head>
<body>
  <div class='ocr_page' id='page_1' title='image "./tmacciiplautico02ussigoog_0060.png"; bbox 0 0 2992 5054; ppageno 0'>
   <div class='ocr_carea' id='block_1_1' title="bbox 103 497 762 567">
    <p class='ocr_par' dir='ltr' id='par_1_1' title="bbox 103 497 762 567">
     <span class='ocr_line' id='line_1_1' title="bbox 103 497 762 567; baseline -0.003 -15"><span class='ocrx_word' id='word_1_1' title='bbox 103 498 138 564; x_wconf 90' lang='lat'>11,</span> <span class='ocrx_word' id='word_1_2' title='bbox 154 500 179 564; x_wconf 84' lang='lat'>2,</span> <span class='ocrx_word' id='word_1_3' title='bbox 192 499 315 552; x_wconf 72' lang='lat'>94-105</span> <span class='ocrx_word' id='word_1_4' title='bbox 584 497 762 567; x_wconf 79' lang='lat' dir='ltr'>Amphitruo.</span> 
     </span>
    </p>
   </div>
   <div class='ocr_carea' id='block_1_2' title="bbox 102 685 795 838">
    <p class='ocr_par' dir='ltr' id='par_1_2' title="bbox 102 685 795 838">
     <span class='ocr_line' id='line_1_2' title="bbox 555 685 795 771; baseline -0.004 -18"><span class='ocrx_word' id='word_1_5' title='bbox 555 685 795 771; x_wconf 82' lang='lat' dir='ltr'>Amphitruo</span> 
     </span>
     <span class='ocr_line' id='line_1_3' title="bbox 102 772 475 838; baseline 0 0"><span class='ocrx_word' id='word_1_6' title='bbox 102 773 141 838; x_wconf 93' lang='lat' dir='ltr'>In</span> <span class='ocrx_word' id='word_1_7' title='bbox 164 775 291 838; x_wconf 91' lang='lat' dir='ltr'>somnis</span> <span class='ocrx_word' id='word_1_8' title='bbox 313 772 475 838; x_wconf 83' lang='lat' dir='ltr'>fortasse?</span> 
     </span>
    </p>
   </div>
   <div class='ocr_carea' id='block_1_3' title="bbox 66 880 1241 3066">
    <p class='ocr_par' dir='ltr' id='par_1_3' title="bbox 66 880 1241 3066">
     <span class='ocr_line' id='line_1_4' title="bbox 568 880 786 946; baseline 0.005 -1"><span class='ocrx_word' id='word_1_9' title='bbox 568 880 786 946; x_wconf 82' lang='lat' dir='ltr'>Alcumena</span> 
     </span>
     <span class='ocr_line' id='line_1_5' title="bbox 490 988 981 1080; baseline 0 -26"><span class='ocrx_word' id='word_1_10' title='bbox 490 988 592 1055; x_wconf 92' lang='lat' dir='ltr'>Immo</span> <span class='ocrx_word' id='word_1_11' title='bbox 615 990 756 1074; x_wconf 86' lang='lat' dir='ltr'>uigilans</span> <span class='ocrx_word' id='word_1_12' title='bbox 778 989 981 1080; x_wconf 82' lang='lat' dir='ltr'>uigilantem.</span> 
     </span>
     <span class='ocr_line' id='line_1_6' title="bbox 554 1098 794 1182; baseline 0.004 -20"><span class='ocrx_word' id='word_1_13' title='bbox 554 1098 794 1182; x_wconf 82' lang='lat' dir='ltr'>Amphitruo</span> 
     </span>
     <span class='ocr_line' id='line_1_7' title="bbox 995 1183 1176 1250; baseline -0.006 0"><span class='ocrx_word' id='word_1_14' title='bbox 995 1183 1065 1250; x_wconf 79' lang='lat' dir='ltr'>Une</span> <span class='ocrx_word' id='word_1_15' title='bbox 1087 1185 1176 1250; x_wconf 90' lang='lat' dir='ltr'>mihi.</span> 
     </span>
     <span class='ocr_line' id='line_1_8' title="bbox 620 1290 736 1357; baseline 0 -1"><span class='ocrx_word' id='word_1_16' title='bbox 620 1290 736 1357; x_wconf 86' lang='lat' dir='ltr'>Sosia</span> 
     </span>
     <span class='ocr_line' id='line_1_9' title="bbox 103 1377 332 1457; baseline -0.009 -15"><span class='ocrx_word' id='word_1_17' title='bbox 103 1378 190 1457; x_wconf 86' lang='lat' dir='ltr'>Quid</span> <span class='ocrx_word' id='word_1_18' title='bbox 213 1377 332 1444; x_wconf 76' lang='lat' dir='ltr'>tibist?</span> 
     </span>
     <span class='ocr_line' id='line_1_10' title="bbox 556 1484 795 1569; baseline 0 -19"><span class='ocrx_word' id='word_1_19' title='bbox 556 1484 795 1569; x_wconf 82' lang='lat' dir='ltr'>Amphitruo</span> 
     </span>
     <span class='ocr_line' id='line_1_11' title="bbox 347 1593 588 1660; baseline 0.004 -3"><span class='ocrx_word' id='word_1_20' title='bbox 347 1593 475 1660; x_wconf 79' lang='lat' dir='ltr'><strong>Delirat</strong></span> <span class='ocrx_word' id='word_1_21' title='bbox 496 1616 588 1659; x_wconf 83' lang='lat' dir='ltr'>uxor.</span> 
     </span>
     <span class='ocr_line' id='line_1_12' title="bbox 618 1702 735 1769; baseline -0.026 0"><span class='ocrx_word' id='word_1_22' title='bbox 618 1702 735 1769; x_wconf 89' lang='lat' dir='ltr'>Sosia</span> 
     </span>
     <span class='ocr_line' id='line_1_13' title="bbox 606 1809 1240 1894; baseline 0.002 -20"><span class='ocrx_word' id='word_1_23' title='bbox 606 1812 690 1875; x_wconf 88' lang='lat' dir='ltr'>Atra</span> <span class='ocrx_word' id='word_1_24' title='bbox 711 1809 770 1875; x_wconf 92' lang='lat' dir='ltr'>bili</span> <span class='ocrx_word' id='word_1_25' title='bbox 792 1812 964 1894; x_wconf 83' lang='lat' dir='ltr'>peroitast;</span> <span class='ocrx_word' id='word_1_26' title='bbox 1189 1812 1240 1866; x_wconf 71' lang='lat'>720</span> 
     </span>
     <span class='ocr_line' id='line_1_14' title="bbox 103 1893 1085 1986; baseline -0.003 0"><span class='ocrx_word' id='word_1_27' title='bbox 103 1921 203 1986; x_wconf 89' lang='lat' dir='ltr'>Nulla</span> <span class='ocrx_word' id='word_1_28' title='bbox 226 1941 284 1985; x_wconf 90' lang='lat' dir='ltr'>res</span> <span class='ocrx_word' id='word_1_29' title='bbox 306 1927 373 1982; x_wconf 84' lang='lat' dir='ltr'>tarn</span> <span class='ocrx_word' id='word_1_30' title='bbox 397 1917 568 1983; x_wconf 85' lang='lat' dir='ltr'>delirantis</span> <span class='ocrx_word' id='word_1_31' title='bbox 590 1918 738 1984; x_wconf 89' lang='lat' dir='ltr'>homines</span> <span class='ocrx_word' id='word_1_32' title='bbox 762 1921 935 1985; x_wconf 77' lang='lat' dir='ltr'>concinnat</span> <span class='ocrx_word' id='word_1_33' title='bbox 957 1921 1033 1984; x_wconf 89' lang='lat' dir='ltr'>eito.</span> <span class='ocrx_word' id='word_1_34' title='bbox 1075 1893 1085 1912; x_wconf 54' lang='lat'>⁸</span> 
     </span>
     <span class='ocr_line' id='line_1_15' title="bbox 554 2028 795 2110; baseline 0.008 -20"><span class='ocrx_word' id='word_1_35' title='bbox 554 2028 795 2110; x_wconf 80' lang='lat' dir='ltr'>Amphitruo</span> 
     </span>
     <span class='ocr_line' id='line_1_16' title="bbox 104 2135 1034 2220; baseline -0.004 -18"><span class='ocrx_word' id='word_1_36' title='bbox 104 2137 169 2202; x_wconf 93' lang='lat' dir='ltr'>Ubi</span> <span class='ocrx_word' id='word_1_37' title='bbox 191 2145 229 2202; x_wconf 91' lang='lat' dir='ltr'>tu</span> <span class='ocrx_word' id='word_1_38' title='bbox 256 2137 395 2219; x_wconf 81' lang='lat' dir='ltr'>primurn</span> <span class='ocrx_word' id='word_1_39' title='bbox 418 2137 479 2200; x_wconf 93' lang='lat' dir='ltr'>tibi</span> <span class='ocrx_word' id='word_1_40' title='bbox 503 2137 643 2214; x_wconf 82' lang='lat' dir='ltr'>sensisti,</span> <span class='ocrx_word' id='word_1_41' title='bbox 666 2135 790 2214; x_wconf 92' lang='lat' dir='ltr'>mulier,</span> <span class='ocrx_word' id='word_1_42' title='bbox 813 2135 1034 2220; x_wconf 82' lang='lat' dir='ltr'>inplioisoier?</span> 
     </span>
     <span class='ocr_line' id='line_1_17' title="bbox 569 2242 787 2308; baseline 0.005 -1"><span class='ocrx_word' id='word_1_43' title='bbox 569 2242 787 2308; x_wconf 84' lang='lat' dir='ltr'>Alcumena</span> 
     </span>
     <span class='ocr_line' id='line_1_18' title="bbox 105 2351 803 2438; baseline -0.007 -19"><span class='ocrx_word' id='word_1_44' title='bbox 105 2353 272 2438; x_wconf 89' lang='lat' dir='ltr'>Equidem</span> <span class='ocrx_word' id='word_1_45' title='bbox 295 2358 426 2417; x_wconf 79' lang='lat' dir='ltr'>ecastor</span> <span class='ocrx_word' id='word_1_46' title='bbox 449 2373 530 2416; x_wconf 87' lang='lat' dir='ltr'>sana</span> <span class='ocrx_word' id='word_1_47' title='bbox 552 2359 586 2417; x_wconf 86' lang='lat' dir='ltr'>et</span> <span class='ocrx_word' id='word_1_48' title='bbox 607 2351 701 2416; x_wconf 85' lang='lat' dir='ltr'>salua</span> <span class='ocrx_word' id='word_1_49' title='bbox 723 2374 803 2417; x_wconf 88' lang='lat' dir='ltr'>sum.</span> 
     </span>
     <span class='ocr_line' id='line_1_19' title="bbox 560 2461 797 2544; baseline 0.008 -20"><span class='ocrx_word' id='word_1_50' title='bbox 560 2461 797 2544; x_wconf 86' lang='lat' dir='ltr'>Amphitruo</span> 
     </span>
     <span class='ocr_line' id='line_1_20' title="bbox 699 2567 1204 2654; baseline 0 -21"><span class='ocrx_word' id='word_1_51' title='bbox 699 2635 707 2654; x_wconf 62' lang='lat'>‚</span> <span class='ocrx_word' id='word_1_52' title='bbox 815 2567 880 2633; x_wconf 88' lang='lat' dir='ltr'>Cur</span> <span class='ocrx_word' id='word_1_53' title='bbox 901 2568 1002 2650; x_wconf 85' lang='lat' dir='ltr'>igitur</span> <span class='ocrx_word' id='word_1_54' title='bbox 1022 2567 1204 2651; x_wconf 80' lang='lat' dir='ltr'>praedicas,</span> 
     </span>
     <span class='ocr_line' id='line_1_21' title="bbox 107 2675 1240 2760; baseline -0.002 -18"><span class='ocrx_word' id='word_1_55' title='bbox 107 2679 152 2743; x_wconf 91' lang='lat' dir='ltr'>Te</span> <span class='ocrx_word' id='word_1_56' title='bbox 174 2679 252 2745; x_wconf 90' lang='lat' dir='ltr'>heri</span> <span class='ocrx_word' id='word_1_57' title='bbox 274 2700 325 2742; x_wconf 88' lang='lat' dir='ltr'>me</span> <span class='ocrx_word' id='word_1_58' title='bbox 342 2678 472 2754; x_wconf 84' lang='lat' dir='ltr'>uidisse,</span> <span class='ocrx_word' id='word_1_59' title='bbox 492 2677 548 2760; x_wconf 92' lang='lat' dir='ltr'>qui</span> <span class='ocrx_word' id='word_1_60' title='bbox 564 2675 627 2740; x_wconf 85' lang='lat' dir='ltr'>heo</span> <span class='ocrx_word' id='word_1_61' title='bbox 644 2683 743 2742; x_wconf 88' lang='lat' dir='ltr'>nootn</span> <span class='ocrx_word' id='word_1_62' title='bbox 760 2677 794 2740; x_wconf 89' lang='lat' dir='ltr'>in</span> <span class='ocrx_word' id='word_1_63' title='bbox 810 2681 942 2759; x_wconf 84' lang='lat' dir='ltr'>portum</span> <span class='ocrx_word' id='word_1_64' title='bbox 959 2675 1090 2742; x_wconf 82' lang='lat' dir='ltr'>aduecti</span> <span class='ocrx_word' id='word_1_65' title='bbox 1107 2678 1240 2742; x_wconf 79' lang='lat' dir='ltr'>sumus?</span> 
     </span>
     <span class='ocr_line' id='line_1_22' title="bbox 66 2764 1241 2869; baseline -0.003 -20"><span class='ocrx_word' id='word_1_66' title='bbox 66 2764 71 2773; x_wconf 50' lang='grc'><em>’</em></span> <span class='ocrx_word' id='word_1_67' title='bbox 108 2786 158 2850; x_wconf 88' lang='lat' dir='ltr'>Ibi</span> <span class='ocrx_word' id='word_1_68' title='bbox 181 2787 301 2852; x_wconf 84' lang='lat' dir='ltr'>cenaui</span> <span class='ocrx_word' id='word_1_69' title='bbox 325 2792 424 2868; x_wconf 85' lang='lat' dir='ltr'>etque</span> <span class='ocrx_word' id='word_1_70' title='bbox 447 2784 493 2849; x_wconf 92' lang='lat' dir='ltr'>ibi</span> <span class='ocrx_word' id='word_1_71' title='bbox 517 2785 628 2869; x_wconf 88' lang='lat' dir='ltr'>quieui</span> <span class='ocrx_word' id='word_1_72' title='bbox 650 2786 685 2849; x_wconf 91' lang='lat' dir='ltr'>in</span> <span class='ocrx_word' id='word_1_73' title='bbox 706 2786 785 2852; x_wconf 86' lang='lat' dir='ltr'>naui</span> <span class='ocrx_word' id='word_1_74' title='bbox 807 2791 938 2850; x_wconf 83' lang='lat' dir='ltr'>noctem</span> <span class='ocrx_word' id='word_1_75' title='bbox 960 2791 1129 2868; x_wconf 86' lang='lat' dir='ltr'>perpetem</span> <span class='ocrx_word' id='word_1_76' title='bbox 1190 2793 1241 2846; x_wconf 75' lang='lat'>725</span> 
     </span>
     <span class='ocr_line' id='line_1_23' title="bbox 109 2892 1241 2980; baseline 0.001 -23"><span class='ocrx_word' id='word_1_77' title='bbox 109 2894 225 2980; x_wconf 87' lang='lat' dir='ltr'>Neque</span> <span class='ocrx_word' id='word_1_78' title='bbox 249 2915 357 2960; x_wconf 88' lang='lat' dir='ltr'>meum</span> <span class='ocrx_word' id='word_1_79' title='bbox 378 2893 496 2977; x_wconf 88' lang='lat' dir='ltr'>pedem</span> <span class='ocrx_word' id='word_1_80' title='bbox 518 2893 582 2959; x_wconf 88' lang='lat' dir='ltr'>huo</span> <span class='ocrx_word' id='word_1_81' title='bbox 604 2893 700 2959; x_wconf 89' lang='lat' dir='ltr'>intuli</span> <span class='ocrx_word' id='word_1_82' title='bbox 723 2895 822 2958; x_wconf 89' lang='lat' dir='ltr'>etiam</span> <span class='ocrx_word' id='word_1_83' title='bbox 845 2893 879 2956; x_wconf 91' lang='lat' dir='ltr'>in</span> <span class='ocrx_word' id='word_1_84' title='bbox 901 2892 1008 2973; x_wconf 89' lang='lat' dir='ltr'>aedis,</span> <span class='ocrx_word' id='word_1_85' title='bbox 1031 2899 1068 2957; x_wconf 89' lang='lat' dir='ltr'>ut</span> <span class='ocrx_word' id='word_1_86' title='bbox 1091 2915 1163 2958; x_wconf 87' lang='lat' dir='ltr'>oum</span> <span class='ocrx_word' id='word_1_87' title='bbox 1186 2915 1241 2958; x_wconf 85' lang='lat' dir='ltr'>ex·</span> 
     </span>
     <span class='ocr_line' id='line_1_24' title="bbox 832 3001 937 3066; baseline -0.01 -1"><span class='ocrx_word' id='word_1_88' title='bbox 832 3001 937 3066; x_wconf 88' lang='lat' dir='ltr'>eroitu</span> 
     </span>
    </p>
   </div>
   <div class='ocr_carea' id='block_1_4' title="bbox 111 3097 1240 3517">
    <p class='ocr_par' dir='ltr' id='par_1_4' title="bbox 111 3097 1240 3282">
     <span class='ocr_line' id='line_1_25' title="bbox 111 3097 1240 3195; baseline -0.001 -21"><span class='ocrx_word' id='word_1_89' title='bbox 111 3111 195 3175; x_wconf 86' lang='lat' dir='ltr'>Hine</span> <span class='ocrx_word' id='word_1_90' title='bbox 217 3097 385 3195; x_wconf 80' lang='lat' dir='ltr'>profectus</span> <span class='ocrx_word' id='word_1_91' title='bbox 413 3132 485 3175; x_wconf 90' lang='lat' dir='ltr'>sum</span> <span class='ocrx_word' id='word_1_92' title='bbox 513 3110 555 3174; x_wconf 90' lang='lat' dir='ltr'>ad</span> <span class='ocrx_word' id='word_1_93' title='bbox 578 3109 738 3175; x_wconf 87' lang='lat' dir='ltr'>Teleboas</span> <span class='ocrx_word' id='word_1_94' title='bbox 760 3109 865 3174; x_wconf 88' lang='lat' dir='ltr'>hostis</span> <span class='ocrx_word' id='word_1_95' title='bbox 889 3130 1011 3193; x_wconf 87' lang='lat' dir='ltr'>eosque</span> <span class='ocrx_word' id='word_1_96' title='bbox 1033 3115 1070 3174; x_wconf 90' lang='lat' dir='ltr'>ut</span> <span class='ocrx_word' id='word_1_97' title='bbox 1094 3111 1240 3176; x_wconf 81' lang='lat' dir='ltr'>uicimus.</span> 
     </span>
     <span class='ocr_line' id='line_1_26' title="bbox 572 3217 789 3282; baseline 0 0"><span class='ocrx_word' id='word_1_98' title='bbox 572 3217 789 3282; x_wconf 74' lang='lat' dir='ltr'>Alcumena</span> 
     </span>
    </p>

    <p class='ocr_par' dir='ltr' id='par_1_5' title="bbox 112 3325 933 3517">
     <span class='ocr_line' id='line_1_27' title="bbox 112 3325 933 3392; baseline 0 -2"><span class='ocrx_word' id='word_1_99' title='bbox 112 3325 213 3392; x_wconf 90' lang='lat' dir='ltr'>Immo</span> <span class='ocrx_word' id='word_1_100' title='bbox 237 3346 365 3392; x_wconf 90' lang='lat' dir='ltr'>meonm</span> <span class='ocrx_word' id='word_1_101' title='bbox 388 3327 548 3392; x_wconf 86' lang='lat' dir='ltr'>oenanisti</span> <span class='ocrx_word' id='word_1_102' title='bbox 571 3331 605 3390; x_wconf 88' lang='lat' dir='ltr'>et</span> <span class='ocrx_word' id='word_1_103' title='bbox 626 3345 754 3390; x_wconf 87' lang='lat' dir='ltr'>meeum</span> <span class='ocrx_word' id='word_1_104' title='bbox 780 3325 933 3391; x_wconf 79' lang='lat' dir='ltr'>cubuisti.</span> 
     </span>
     <span class='ocr_line' id='line_1_28' title="bbox 560 3431 798 3517; baseline 0.008 -19"><span class='ocrx_word' id='word_1_105' title='bbox 560 3431 798 3517; x_wconf 82' lang='lat' dir='ltr'>Amphitruo</span> 
     </span>
    </p>
   </div>
   <div class='ocr_carea' id='block_1_5' title="bbox 946 3519 1127 3597">
    <p class='ocr_par' dir='ltr' id='par_1_6' title="bbox 946 3519 1127 3597">
     <span class='ocr_line' id='line_1_29' title="bbox 946 3519 1127 3597; baseline -0.011 -13"><span class='ocrx_word' id='word_1_106' title='bbox 946 3519 1032 3597; x_wconf 84' lang='lat' dir='ltr'>Quid</span> <span class='ocrx_word' id='word_1_107' title='bbox 1055 3519 1127 3583; x_wconf 82' lang='lat' dir='ltr'>est?</span> 
     </span>
    </p>
   </div>
   <div class='ocr_carea' id='block_1_6' title="bbox 115 3626 790 3776">
    <p class='ocr_par' dir='ltr' id='par_1_7' title="bbox 115 3626 790 3776">
     <span class='ocr_line' id='line_1_30' title="bbox 572 3626 790 3693; baseline 0.009 -2"><span class='ocrx_word' id='word_1_108' title='bbox 572 3626 790 3693; x_wconf 80' lang='lat' dir='ltr'>Alcumena</span> 
     </span>
     <span class='ocr_line' id='line_1_31' title="bbox 115 3709 307 3776; baseline 0.016 -3"><span class='ocrx_word' id='word_1_109' title='bbox 115 3709 201 3776; x_wconf 87' lang='lat' dir='ltr'>Uera</span> <span class='ocrx_word' id='word_1_110' title='bbox 223 3710 307 3776; x_wconf 85' lang='lat' dir='ltr'>dion.</span> 
     </span>
    </p>
   </div>
   <div class='ocr_carea' id='block_1_7' title="bbox 319 3820 1203 4012">
    <p class='ocr_par' dir='ltr' id='par_1_8' title="bbox 319 3820 1203 4012">
     <span class='ocr_line' id='line_1_32' title="bbox 561 3820 799 3905; baseline 0.013 -21"><span class='ocrx_word' id='word_1_111' title='bbox 561 3820 799 3905; x_wconf 84' lang='lat' dir='ltr'>Amphitruo</span> 
     </span>
     <span class='ocr_line' id='line_1_33' title="bbox 319 3926 1203 4012; baseline -0.001 -20"><span class='ocrx_word' id='word_1_112' title='bbox 319 3927 391 3994; x_wconf 89' lang='lat' dir='ltr'>Non</span> <span class='ocrx_word' id='word_1_113' title='bbox 415 3927 455 3992; x_wconf 93' lang='lat' dir='ltr'>de</span> <span class='ocrx_word' id='word_1_114' title='bbox 477 3926 540 3991; x_wconf 88' lang='lat' dir='ltr'>hae</span> <span class='ocrx_word' id='word_1_115' title='bbox 562 3929 695 4012; x_wconf 91' lang='lat' dir='ltr'>quidem</span> <span class='ocrx_word' id='word_1_116' title='bbox 716 3928 826 3994; x_wconf 89' lang='lat' dir='ltr'>herole</span> <span class='ocrx_word' id='word_1_117' title='bbox 848 3951 900 4008; x_wconf 81' lang='lat' dir='ltr'>re3</span> <span class='ocrx_word' id='word_1_118' title='bbox 924 3928 964 3993; x_wconf 90' lang='lat' dir='ltr'>de</span> <span class='ocrx_word' id='word_1_119' title='bbox 986 3927 1060 3994; x_wconf 88' lang='lat' dir='ltr'>aliis</span> <span class='ocrx_word' id='word_1_120' title='bbox 1083 3929 1203 3993; x_wconf 87' lang='lat' dir='ltr'>neseio.</span> 
     </span>
    </p>
   </div>
   <div class='ocr_carea' id='block_1_8' title="bbox 117 4035 803 4228">
    <p class='ocr_par' dir='ltr' id='par_1_9' title="bbox 117 4035 803 4228">
     <span class='ocr_line' id='line_1_34' title="bbox 573 4035 790 4102; baseline 0 -2"><span class='ocrx_word' id='word_1_121' title='bbox 573 4035 790 4102; x_wconf 80' lang='lat' dir='ltr'>Alcumena</span> 
     </span>
     <span class='ocr_line' id='line_1_35' title="bbox 117 4139 803 4228; baseline 0.01 -25"><span class='ocrx_word' id='word_1_122' title='bbox 117 4139 260 4208; x_wconf 88' lang='lat' dir='ltr'>Primulo</span> <span class='ocrx_word' id='word_1_123' title='bbox 283 4142 425 4208; x_wconf 84' lang='lat' dir='ltr'>diluenlo</span> <span class='ocrx_word' id='word_1_124' title='bbox 449 4143 562 4208; x_wconf 83' lang='lat' dir='ltr'>abii-sti</span> <span class='ocrx_word' id='word_1_125' title='bbox 584 4144 627 4208; x_wconf 89' lang='lat' dir='ltr'>ad</span> <span class='ocrx_word' id='word_1_126' title='bbox 649 4144 803 4228; x_wconf 83' lang='lat' dir='ltr'>legiones.</span> 
     </span>
    </p>
   </div>
   <div class='ocr_carea' id='block_1_9' title="bbox 185 4373 1057 4442">
    <p class='ocr_par' dir='ltr' id='par_1_10' title="bbox 185 4373 1057 4442">
     <span class='ocr_line' id='line_1_36' title="bbox 185 4373 1057 4442; baseline 0.002 -16"><span class='ocrx_word' id='word_1_127' title='bbox 185 4374 309 4428; x_wconf 68' lang='lat' dir='ltr'><strong>⁷191]oe</strong></span> <span class='ocrx_word' id='word_1_128' title='bbox 328 4377 429 4430; x_wconf 85' lang='lat' dir='ltr'>misero</span> <span class='ocrx_word' id='word_1_129' title='bbox 448 4374 517 4428; x_wconf 89' lang='lat' dir='ltr'>mihi</span> <span class='ocrx_word' id='word_1_130' title='bbox 586 4373 725 4442; x_wconf 72' lang='lat' dir='ltr'>rassQuid</span> <span class='ocrx_word' id='word_1_131' title='bbox 744 4375 835 4430; x_wconf 80' lang='lat' dir='ltr'>idest</span> <span class='ocrx_word' id='word_1_132' title='bbox 903 4377 954 4428; x_wconf 74' lang='lat'>730</span> <span class='ocrx_word' id='word_1_133' title='bbox 972 4376 1057 4429; x_wconf 83' lang='lat' dir='ltr'>abisti</span> 
     </span>
    </p>
   </div>
   <div class='ocr_carea' id='block_1_10' title="bbox 0 0 1533 5054">
    <p class='ocr_par' dir='ltr' id='par_1_11' title="bbox 0 0 1533 5054">
     <span class='ocr_line' id='line_1_37' title="bbox 0 0 1533 5054; baseline 0 0"><span class='ocrx_word' id='word_1_134' title='bbox 0 0 1533 5054; x_wconf 95' lang='lat' dir='ltr'> </span> 
     </span>
    </p>
   </div>
  </div>
 </body>
</html>
