2956 5018
112 516 202 587 ¹111‚1,
211 517 298 572 1-28
614 511 752 569 5555115
1189 521 1249 582 109

556 702 812 770 Philaenium

119 815 230 900 Neque
252 834 340 898 qnae
358 817 449 880 recte
467 811 595 878 iaciunt
611 813 708 897 culpo
724 833 832 897 neque
849 831 933 895 quae
952 812 1147 898 delinquunt
1163 834 1247 880 amo.

589 919 781 988 Cleareta

119 1029 204 1097 Satis
226 1029 379 1096 dicacula
401 1051 436 1096 es
459 1030 610 1094 amatrix.

555 1137 811 1204 Philaenium

618 1245 736 1326 Mater,
757 1245 786 1310 is
809 1249 981 1330 quasstust
1002 1245 1097 1310 mihi:

119 1355 244 1440 Lingua
266 1355 382 1441 poscit,
405 1374 525 1437 corpus
547 1355 687 1436 quaerit,
710 1354 838 1418 animus
861 1360 945 1434 orat,
966 1374 1020 1419 res
1042 1357 1162 1420 monet.

590 1459 781 1527 Cleareta

119 1569 188 1652 Ego
208 1575 244 1635 te
266 1569 359 1636 uolui
382 1571 562 1653 castigare3
584 1575 621 1634 tu
642 1569 723 1634 mihi
746 1569 933 1634 accusatrix
955 1569 1044 1634 ades.
1102 1579 1104 1586 ’

557 1677 809 1742 Philaenium

120 1786 231 1868 Neque
249 1785 367 1870 edepol
383 1793 417 1852 15
435 1807 555 1852 accuso
572 1807 679 1869 neque
696 1785 731 1850 id
748 1805 800 1850 me
817 1783 927 1851 facere
943 1785 994 1851 fas
1009 1785 1181 1851 existumo.
1201 1793 1252 1846 515

120 1894 242 1960 Uerum
264 1915 325 1978 ego
347 1915 440 1960 meas
463 1915 583 1978 queror
598 1893 760 1974 fortunas,
778 1913 876 1977 quom
892 1893 1067 1982 illoquem
1082 1914 1157 1959 amo
1175 1913 1251 1978 pro·

839 1999 965 2066 hibeor.

591 2109 784 2176 Cleareta

122 2219 236 2302 Ecqua
257 2239 335 2303 pars
358 2217 516 2286 orationis
539 2217 580 2285 de
603 2217 656 2285 die
679 2218 812 2284 dabitur
833 2215 936 2282 mibi?

559 2325 814 2392 Philaenium

122 2433 163 2498 Et
183 2455 292 2500 meam
315 2441 445 2518 partem
466 2433 624 2520 loquendi
646 2439 680 2500 51
701 2439 794 2499 tuam
815 2432 912 2498 trado
934 2431 1006 2514 tibi,

123 2541 172 2606 Ad
186 2542 389 2627 loquendum
407 2547 506 2625 atque
523 2541 567 2608 ad
583 2541 762 2608 tacendum
777 2548 815 2606 tu
830 2548 869 2606 ut
884 2539 1009 2608 habeas
1026 2541 1251 2625 portisculum.

124 2649 207 2727 Quin
230 2650 287 2736 pol
310 2651 339 2716 si
360 2651 504 2736 reposiui
525 2671 661 2732 remum,
684 2649 756 2716 sola
779 2669 838 2734 ego
861 2649 895 2713 in
919 2650 1063 2714 casteria
1203 2657 1254 2711 515

122 2757 185 2824 Ubi
208 2759 353 2844 quiesco,
376 2760 482 2825 omnis
503 2757 650 2824 familiae
672 2779 772 2823 causa
794 2757 946 2823 consistit
967 2757 1037 2824 tibi.

593 2864 785 2931 Cleareta

124 2972 209 3050 Quid
231 2974 282 3039 ais
304 2980 351 3055 tn,
374 2995 474 3058 qnam
497 2994 557 3057 ego
580 2995 679 3039 uuam
695 2973 765 3038 uidi
781 2973 951 3039 mulierem
969 2971 1254 3039 audacissumam?

124 3080 283 3158 Quotiens
304 3087 339 3148 te
361 3083 454 3148 uotui
475 3082 694 3166 Argyrippum
715 3081 819 3146 filium
841 3081 1035 3147 Demaeneti

124 3187 319 3274 Conpellare
342 3195 401 3254 aut
423 3195 629 3256 contrectare
653 3188 847 3271 conloquiue
871 3194 929 3254 aut
952 3189 1086 3253 contui?

124 3296 208 3375 Quid
231 3298 347 3362 dedit?
370 3297 455 3376 Quid
477 3297 648 3383 deportari
668 3297 765 3363 iussit
787 3295 830 3362 ad
851 3297 934 3363 nos?
957 3295 1007 3362 Tu
1028 3296 1090 3360 tibi
1204 3303 1255 3356 525

123 3405 235 3472 Uerba
256 3405 381 3472 blanda
402 3427 474 3472 esse
496 3427 613 3472 aurum
634 3425 718 3486 rere,
742 3405 833 3469 dicta
855 3403 953 3472 docta
975 3426 1035 3488 pro
1060 3403 1154 3468 datis.

123 3513 217 3580 Ultro
240 3534 342 3594 amas,
365 3514 455 3579 ultro
478 3513 668 3598 expetessis‚
689 3512 778 3578 ultro
801 3511 845 3578 ad
867 3519 901 3578 te
923 3512 1048 3577 arcessi
1068 3511 1172 3576 iubes.

123 3621 199 3688 Illos
223 3622 281 3706 qui
303 3621 392 3703 dant,
415 3642 472 3687 5ο5
494 3621 639 3703 derides3
663 3620 720 3703 qui
743 3619 905 3686 deludunt
927 3619 1067 3704 deperis.

124 3730 173 3793 An
193 3736 229 3793 15
251 3729 287 3793 15
309 3735 485 3812 expectare
509 3735 648 3814 oportet,
673 3727 775 3812 siquis
797 3727 972 3812 promittat
993 3726 1055 3792 tibi

124 3837 169 3901 Te
190 3835 357 3902 facturum
380 3837 526 3919 diuitem,
549 3839 577 3903 si
598 3837 758 3902 moriatur
779 3842 887 3902 mater
908 3835 991 3902 sua?
1204 3833 1255 3887 525

125 3944 264 4011 Ecastor
285 3943 380 4011 nobis
403 3946 562 4030 periclum
584 3949 618 4010 et
638 3945 784 4010 familiae
805 3943 1025 4028 portenditur,

126 4052 301 4126 11555155
324 4058 536 4138 expectamus
558 4059 706 4134 mortem,
726 4073 769 4118 ne
791 4073 850 4118 nos
872 4052 1054 4117 moriamur
1075 4050 1171 4116 fame.

192 4308 243 4361 512
259 4307 361 4376 Egoua
430 4310 560 4362 5141515
581 4305 686 4362 habeas
756 4309 808 4362 520
830 4307 876 4361 An
896 4309 929 4359 tu
951 4304 1005 4359 tibi
1046 4305 1126 4358 Δ522
1148 4305 1254 4360 accersi

128 4393 174 4447 523
192 4393 302 4447 dederis
372 4394 561 4448 5255551151·
577 4396 668 4447 mater
685 4398 735 4448 155
803 4393 855 4447 526
871 4391 1008 4461 periclum
1025 4405 1160 4459 magnum
