2922 5032
239 512 301 574 110
756 505 851 561 Plauti
1155 505 1239 577 111,1,
1248 507 1398 574 29—2‚'7

237 697 332 764 Nunc
354 695 437 762 adeo
459 695 525 762 nisi
547 695 627 762 mihi
648 696 713 762 huc
735 697 864 782 argenti
885 694 996 762 adfert
1015 695 1135 780 uiginti
1155 697 1273 778 minas,

236 806 287 872 Ne
308 805 364 872 ille
387 811 518 870 ecastor
539 805 616 870 hinc
637 804 791 872 trudetur
811 806 923 890 largus
946 805 1167 870 lacrumarum
1187 804 1296 872 foras.

236 914 300 980 Hic
323 914 393 979 dies
416 918 577 978 summust
599 912 688 997 apud
709 934 761 978 me
784 914 917 998 inopiae
941 913 1108 978 excusatio
1130 912 1151 994 †
1332 919 1396 974 530

675 1019 930 1086 Philaenium
1003 1011 1007 1018 ⁴

236 1129 359 1212 Patiar,
382 1129 410 1195 si
433 1128 506 1195 cibo
529 1149 643 1195 carere
664 1150 718 1194 me
739 1129 844 1210 iubes,
866 1135 972 1194 mater
993 1151 1076 1194 mea.

709 1235 898 1303 Cleareta

236 1347 311 1413 Non
332 1351 412 1412 uoto
436 1344 494 1410 ted
515 1365 627 1410 amare
650 1345 708 1428 qui
730 1344 822 1425 dant,
846 1365 912 1428 qua
935 1350 1086 1412 amentur
1108 1347 1227 1428 gratia.
1277 1421 1279 1424 ¹

674 1451 929 1518 Philaenium

237 1562 322 1642 Quid
345 1563 376 1628 si
395 1561 450 1626 hic
472 1561 600 1626 animus
624 1561 843 1645 occupatustl
863 1561 982 1642 Mater,
1005 1561 1084 1643 quid
1105 1561 1240 1645 faciam,
1261 1583 1385 1629 mone.

708 1689 899 1757 Cleareta

1271 1776 1383 1858 Hem,

235 1886 346 1954 Meum
369 1892 471 1969 caput
493 1873 704 1974 contemples‚
726 1886 755 1950 si
777 1885 908 1970 quidem
933 1908 973 1952 ex
994 1907 1031 1951 re
1054 1885 1222 1952 consultas
1244 1891 1320 1951 tua.

674 1992 927 2059 Philaenium

235 2102 347 2168 Etiam
369 2102 480 2187 opilio,
502 2102 559 2187 qui
582 2102 699 2187 pascit,
720 2107 836 2182 mater,
858 2100 982 2166 alienas
1006 2101 1086 2182 ouis,
1321 2101 1382 2154 535

234 2210 387 2294 Aliquam
408 2209 513 2276 habet
533 2211 742 2294 peculiarem,
765 2209 936 2294 quispam
959 2209 1084 2275 soletur
1109 2230 1211 2275 suam.

236 2319 314 2386 Sine
336 2339 388 2384 me
412 2337 523 2383 amare
541 2339 641 2383 unum
658 2317 877 2402 Argyrippum
900 2319 1002 2383 animi
1025 2337 1137 2399 causa,
1161 2339 1258 2402 quem
1279 2318 1378 2384 uolo.

706 2424 895 2492 Cleareta
1218 2435 1221 2441 “

235 2534 328 2601 Intro
350 2533 422 2615 abi;
445 2553 522 2599 nam
543 2539 577 2600 tc
600 2533 734 2620 quidem
756 2533 873 2618 edepol
895 2534 978 2600 nihil
999 2540 1051 2600 est
1072 2533 1296 2619 inpudentius.

563 2719 566 2726 y
673 2642 928 2708 Philaenium

155 2733 163 2740 ’
234 2749 431 2815 Audientem
454 2749 555 2832 dicto,
577 2756 693 2832 mater,
714 2751 899 2835 produxisti
919 2750 1031 2816 filiam.

450 3135 633 3202 LIBANUS
678 3133 879 3218 LEONIDA,
903 3133 1032 3201 SERUI
1052 3133 1151 3200 DUO.

710 3287 888 3354 Libanus

232 3397 395 3464 Perfidiae
417 3393 532 3460 laudes
554 3396 744 3480 gratiasque
766 3395 927 3462 habemus
949 3397 1068 3462 merito
1090 3415 1234 3480 magnas,
1314 3404 1368 3458 640

232 3506 338 3585 Quom
361 3504 483 3570 nostris
505 3492 738 3587 sycophantiis
752 3503 837 3569 dolis
860 3505 1065 3588 astutiisque,

232 3613 449 3698 Scapularum
472 3609 680 3691 confidentia,
702 3611 827 3676 uirtute
848 3610 1012 3677 ulmorum
1034 3619 1156 3695 spreta,

230 3721 415 3787 Aduorsum
438 3720 590 3786 stetimus
611 3717 785 3784 lamminas
807 3739 988 3803 crucesque
1011 3719 1240 3804 compedesque

230 3829 368 3907 Nemes,
391 3833 536 3908 catenas,
558 3846 734 3908 carcerem,
756 3825 927 3907 numellas,
948 3826 1093 3910 pedicas,
1114 3827 1208 3893 boias

230 3935 488 4020 Inpactoresque
510 3955 701 4000 acerrumos
725 3954 910 4018 gnarosque
932 3935 1037 3999 nostri
1058 3935 1154 4017 tergi.
1311 3943 1363 3998 545

231 4040 309 4126 [Qui
332 4063 431 4127 saepe
453 4048 530 4108 ante
551 4043 586 4107 in
608 4048 738 4109 nostras
761 4041 914 4126 scapulas
936 4043 1107 4109 cicatrices
1128 4041 1334 4128 indiderunt]
1399 4127 1401 4130 Ι

299 4297 351 4351 542
368 4295 433 4351 irati
501 4297 552 4352 543
569 4294 622 4364 Qui
639 4295 791 4352 aduersum
807 4297 936 4352 stimulos
958 4297 1104 4352 lamminas
1174 4299 1225 4354 544
1242 4301 1362 4355 carceris

229 4383 281 4438 oto
297 4381 491 4452 Indoctoresq.
