2992 5054
762 435 851 488 Plauti

730 626 890 692 Bromia

842 731 927 797 Scio.

690 839 928 925 Amphitruo

942 947 1026 1015 Uide
1049 951 1150 1016 etiam
1171 973 1265 1017 nuno.

730 1057 891 1122 Bromia

1286 1147 1379 1214 Scio.

689 1229 927 1314 Amphitruo
1443 1245 1444 1248 ’

244 1351 336 1417 Haec
358 1346 431 1412 sole
451 1363 566 1410 senem
589 1345 732 1405 mentem
755 1343 864 1422 gestat
885 1359 1032 1403 meorum
1054 1337 1272 1406 familiarium.

729 1445 889 1511 Bromia

244 1568 347 1634 immo
370 1581 482 1629 omnes
505 1559 578 1624 sani
599 1561 675 1622 sunt
699 1552 856 1639 profecto.

691 1663 929 1747 Amphitruo

784 1772 828 1837 At
849 1791 901 1836 me
923 1793 1007 1837 uxor
1027 1773 1180 1840 insanum
1202 1775 1283 1842 lacit
1308 1787 1378 1838 1100
1443 1797 1444 1834 2

201 1835 205 1843 Ι
245 1891 318 1958 Suis
340 1887 444 1954 foedis
465 1884 572 1950 lectis

729 1989 889 2054 Bromia

543 2100 588 2165 At
612 2119 673 2181 ego
695 2097 823 2177 faciam,
844 2103 882 2164 tu
903 2097 990 2162 idem
1012 2103 1050 2164 ut
1071 2097 1169 2164 aliter
1191 2101 1374 2184 praedices,
1443 2109 1444 2176 ἶ

244 2212 450 2297 Amphitruo.
483 2210 576 2275 Piam
598 2213 633 2272 et
654 2206 807 2290 pudicam
829 2211 920 2271 tuam
949 2227 1019 2272 esse
1046 2228 1182 2272 uxorem
1209 2215 1248 2274 ul
1277 2211 1373 2279 scias,
1443 2187 1444 2212 ¹

244 2324 293 2389 De
316 2342 356 2386 ea
378 2341 414 2385 re
437 2320 531 2401 signa
552 2322 651 2398 etque
674 2321 868 2396 argumenta
889 2317 1003 2399 paucis
1025 2316 1137 2382 uerbis
1160 2315 1308 2399 eloquar.

245 2430 397 2496 Omnium
419 2427 559 2510 primum
581 2423 760 2489 Alcumena
782 2424 928 2506 geminos
950 2425 1078 2508 peperit
1099 2424 1193 2490 filios.

687 2529 927 2614 Amphitruo

244 2623 315 2694 Ain*
330 2626 376 2702 tu,
399 2619 567 2704 geminos?

729 2724 890 2791 Bromie
990 2745 993 2750 ·

574 2835 738 2900 Geminos.

691 2941 936 3027 Amphitruo

739 3051 781 3115 Di
803 3072 855 3117 me
878 3058 1021 3116 seruant.

729 3159 889 3226 Bromia

987 3244 1062 3311 Sine
1084 3267 1136 3311 me
1159 3245 1280 3326 dicere,
1306 3256 1376 3308 1105

245 3355 290 3422 Ut
313 3357 398 3420 scias
421 3355 482 3420 tibi
504 3361 647 3440 tuaeque
668 3355 763 3420 uxori
786 3353 864 3420 deos
888 3375 960 3419 esse
983 3355 1086 3420 omnis
1108 3353 1280 3438 propitios.

691 3461 927 3547 Amphitruo

118 3586 119 3589 π
243 3549 403 3632 Loquere.
533 3535 541 3544 ’

729 3655 890 3723 Bromia

430 3767 609 3851 Postquam
631 3766 795 3850 pertenire
817 3765 915 3832 hodie
936 3789 1019 3832 uxor
1042 3768 1170 3852 occepit
1190 3773 1257 3845 tue,

245 3873 310 3939 Ubi
330 3881 425 3940 utero
449 3876 553 3941 exorti
577 3874 716 3956 dolores,
740 3881 777 3941 ut
799 3875 907 3941 solent
930 3895 1121 3960 puerperae,

244 3982 382 4048 inuocat
404 3981 482 4049 deos
505 3984 697 4066 inmortalia,
720 3991 756 4050 ut
778 3984 841 4049 sibi
863 3983 1020 4051 auxilium
1042 3983 1159 4065 ferant,

245 4090 398 4156 Manibus
420 4091 519 4174 puris,
543 4091 650 4174 capite
674 4098 800 4177 operto.
834 4093 884 4159 lbi
907 4094 1061 4160 continuo
1085 4097 1243 4159 contonat
1305 4101 1372 4153 1110
1443 4083 1444 4150 l

246 4247 449 4254 ——---—-·-—.

317 4325 383 4378 1099
404 4340 511 4378 uaccam
564 4339 687 4377 mearum
758 4327 823 4380 1108
841 4325 885 4379 lbi
