2976 5056
228 477 291 536 3⁸20
703 469 881 540 Amphitruo.

228 666 301 725 890.
325 661 477 726 irammda
505 684 560 724 em.
590 663 762 742 Lambinus.
807 666 961 745 Antiqnua
994 687 1079 726 error
1111 669 1201 727 etiarn
1229 667 1376 727 Nouium

228 767 406 845 implicavit,
436 768 488 845 qui
515 787 545 844 p.
572 768 631 826 183
660 767 716 826 hoc
743 787 831 827 versu
859 768 952 828 allato
985 765 1195 830 uerecundam
1228 770 1376 847 explicat

231 870 390 944 „audacem
415 875 445 928 et
468 865 682 928 confidentem“
706 890 829 948 prorsus
852 873 1032 930 contrariam
1050 875 1110 930 vim
1129 875 1196 932 voci
1212 873 1375 932 tribuens.

228 973 365 1050 luppiter
391 972 454 1031 hcec
482 971 583 1030 dicens
606 971 715 1032 blande
738 993 856 1032 manum
878 973 1028 1032 Alcmena
1051 973 1205 1046 admovet;
1231 995 1266 1033 ea
1290 993 1376 1034 vero

227 1095 295 1132 eum
317 1074 424 1132 acerbe
446 1073 566 1150 repellit
587 1095 764 1152 manumque
787 1075 939 1134 abstinere
957 1077 1050 1134 iubet.
1085 1075 1156 1135 Cod.
1174 1077 1199 1136 B
1218 1083 1250 1136 et
1267 1077 1376 1136 ceteri

227 1177 364 1256 plerique
389 1170 486 1236 Potin
515 1191 548 1235 es
572 1176 621 1250 ut,
651 1176 729 1254 quod
758 1197 849 1254 quum
876 1177 948 1236 ferri
971 1197 1031 1238 non
1053 1183 1164 1256 posset,
1193 1179 1260 1237 cod.
1283 1179 1374 1237 Brit.

231 1276 314 1354 „est“
336 1297 390 1356 pro
413 1274 500 1352 „es“;
523 1278 576 1337 sed
598 1280 713 1338 numeri
735 1279 897 1338 ostendunt
917 1278 1041 1339 verbum
1063 1281 1261 1340 omittendum
1285 1301 1373 1354 ease,

227 1389 263 1440 ut
291 1382 387 1440 voluit
409 1381 523 1440 Comer.
546 1412 587 1422 -
611 1384 683 1442 899.
712 1375 790 1442 &cm
817 1397 853 1442 ea
882 1383 915 1442 tu
942 1387 973 1441 et
1000 1378 1066 1442 ioco
1093 1384 1223 1443 iamed.
1247 1403 1294 1460 pr.
1322 1413 1376 1423 -

231 1486 304 1543 900.
328 1478 391 1542 nisi
412 1479 460 1542 sia
483 1477 614 1543 stultior
635 1479 852 1557 stultissumo;
881 1485 1019 1544 bociam
1041 1504 1069 1543 v.
1095 1487 1155 1544 897
1180 1485 1293 1546 dicum
1319 1492 1374 1545 est

230 1583 293 1660 („si
314 1587 354 1644 sis
376 1605 465 1646 sanus
488 1589 541 1644 aut
564 1586 662 1664 sapias
685 1583 802 1660 satis“).
844 1585 896 1646 Fit
917 1587 973 1646 hoc
995 1587 1146 1646 interdum
1169 1591 1200 1646 in
1223 1608 1374 1648 sermone

227 1687 415 1764 quotidiano,
437 1693 472 1746 ut
493 1689 625 1765 protasis
646 1694 717 1766 poet
734 1687 879 1764 apodosin
897 1694 1060 1765 repetatur,
1080 1690 1118 1748 cf.
1135 1689 1204 1748 Aul.
1218 1693 1279 1748 373
1299 1711 1368 1768 sq.:

231 1789 341 1864 „Festo
365 1791 413 1849 die
436 1791 460 1848 ai
483 1790 555 1867 quid
578 1790 762 1866 prodegeris,
786 1790 923 1850 Profesto
946 1811 1032 1868 egere
1055 1792 1151 1864 liceat,
1171 1792 1229 1850 nisi
1252 1812 1369 1869 peper-

227 1888 334 1952 ceris“.
369 1893 488 1952 Trucnl.
511 1894 570 1950 513
585 1912 645 1970 sq.:
672 1891 787 1966 „Quom
808 1897 842 1951 tu
864 1898 945 1952 recte
967 1895 1133 1972 prouenisti
1156 1913 1307 1971 quomque
1333 1914 1370 1954 es

228 1999 318 2052 aucta
345 1993 462 2067 libais,
492 1993 649 2068 Gratulor,
682 2014 770 2071 quom
799 1995 872 2054 mihi
900 1995 1015 2072 tibique
1043 2015 1184 2074 magnum
1214 1997 1369 2073 peperisti

228 2091 351 2154 decus“.
396 2097 471 2155 Item
492 2095 720 2174 Aristophanes,
743 2096 818 2155 Rau.
845 2099 926 2156 1184
950 2117 993 2173 sq.
1015 2099 1104 2155 ὅντινά
1125 2121 1166 2174 qe,
1188 2100 1254 2174 πρὶν
1275 2102 1366 2172 φῦναι

225 2201 286 2274 μὲν,
307 2199 445 2254 Ἁπόλλων
467 2199 518 2272 ἔφη
535 2199 690 2256 ἀποκτενεῖν
708 2201 753 2256 τὸν
771 2201 883 2275 πατέρα,
908 2201 973 2276 πρὶν
991 2201 1036 2258 καὶ
1051 2203 1198 2278 γεγονέναι,
1234 2201 1295 2258 736
1315 2219 1365 2278 sq.

228 2301 279 2357 κᾶν
302 2323 326 2358 τι
350 2300 472 2373 σφαλῇτζ
495 2304 523 2365 ἐξ
546 2300 623 2366 ἀξίου
645 2304 712 2378 γοῦν
734 2305 781 2358 τοῦ
803 2303 893 2370 ξύλον,
917 2302 945 2372 ἢν
967 2325 991 2358 τι
1014 2303 1059 2359 uui
1084 2298 1216 2374 πάσχητε,
1240 2304 1365 2374 πάσχειν

228 2409 284 2468 τοῖς
307 2407 403 2476 σοφοῖς
426 2403 557 2474 δοκήοετε.
581 2433 624 2442 -
646 2405 717 2462 901.
742 2397 780 2463 Si
803 2401 879 2478 cirici,
904 2425 943 2462 sc.
968 2412 998 2464 te
1020 2405 1200 2483 impudicam
1224 2424 1300 2462 esse.
1320 2435 1367 2444 -

231 2507 303 2564 909.
328 2501 377 2578 id,
399 2505 420 2564 i.
444 2525 469 2564 e.
492 2504 574 2578 ideo,
598 2505 770 2582 frequenter
792 2511 862 2584 post
889 2505 981 2566 uerba
1008 2513 1123 2567 motum
1151 2503 1363 2580 significantia,

220 2607 460 2666 'c1.Cas.d50:
493 2607 544 2680 „id
565 2606 622 2667 huc
643 2609 735 2666 missa
756 2605 851 2666 sum“.
896 2608 960 2668 Mil.
988 2611 1083 2668 1151:
1118 2609 1167 2685 „id
1190 2629 1245 2668 nos
1267 2607 1307 2666 ad
1329 2615 1364 2666 te

229 2703 397 2766 uenimue“.
442 2707 509 2766 Ter.
533 2709 610 2766 Eun.
637 2711 732 2768 1005:
770 2709 874 2784 „Nunc
896 2711 928 2768 id
955 2711 1081 2788 prodeo,
1116 2717 1151 2770 ut
1183 2712 1363 2770 conveniam

230 2805 481 2882 Parmenonem“;
506 2809 542 2868 cf.
560 2830 652 2888 supra
667 2812 735 2870 163.
770 2812 846 2870 Item
858 2807 950 2888 quod,
973 2811 1057 2872 Cure.
1072 2815 1148 2871 456:
1187 2813 1286 2886 „Quid
1302 2813 1363 2872 hoc

228 2911 312 2988 quod
334 2912 372 2970 ad
394 2917 424 2970 te
446 2907 565 2970 uenio“.
610 2912 701 2970 Most.
726 2915 803 2971 735:
831 2913 936 2986 „Nunc
957 2913 1013 2973 hoc
1036 2915 1117 2991 quod
1141 2915 1179 2972 ed
1201 2923 1231 2973 te
1253 2921 1362 2974 noster

229 3035 276 3071 me
299 3015 381 3072 misit
403 3011 523 3072 senex“.
558 3013 665 3073 Pseud.
680 3016 756 3073 643:
783 3015 883 3092 „quod
905 3018 1011 3074 missus
1034 3015 1092 3074 huc
1113 3015 1209 3076 sum“.
1227 3017 1360 3074 -Post

227 3113 350 3176 reuerti
372 3115 471 3174 hiatus
493 3119 524 3174 in
547 3136 667 3175 caeeura.
706 3117 819 3176 Camer.
846 3113 929 3192 „uti“
954 3117 1112 3178 scribebat.
1153 3117 1268 3177 Ritsch.
1292 3117 1359 3178 Ind.

227 3219 321 3278 schol.
351 3219 444 3278 Bonn.
476 3221 574 3277 1854:
613 3224 666 3292 „ut
697 3221 869 3296 purigarem
902 3240 950 3278 me
983 3217 1070 3280 tibi“.
1111 3250 1154 3259 -
1193 3221 1265 3278 903.
1294 3214 1363 3294 fuit
1482 3207 1483 3214 ¹

229 3318 366 3396 ueprius,
390 3322 483 3395 magis
506 3321 610 3391 doluit,
635 3320 670 3378 cf.
691 3321 797 3380 Bacch.
818 3323 913 3381 1106:
940 3320 1037 3397 „Quid
1057 3321 1113 3380 tibi
1137 3341 1172 3378 ex
1194 3321 1257 3379 filio
1280 3343 1358 3394 nam,

227 3424 368 3496 obsecro,
410 3419 566 3500 aegrest?“
610 3423 694 3500 Capi.
733 3425 802 3482 199.
839 3423 910 3482 694.
945 3423 1029 3482 Cure.
1067 3425 1136 3482 169.
1170 3423 1251 3481 Μοο.
1287 3425 1370 3491 619,

229 3526 321 3584 Mero.
353 3527 424 3584 363.
458 3525 576 3583 Terent.
606 3525 677 3584 Hec.
709 3527 781 3584 997.
820 3527 890 3584 515.
931 3555 974 3566 --
1014 3527 1087 3584 904.
1123 3520 1176 3584 ced
1207 3525 1359 3584 Camerar.

228 3648 285 3685 em.
307 3657 351 3666 -
374 3629 445 3686 909.
470 3623 628 3700 (literam,
658 3648 685 3685 v.
711 3629 781 3685 379.
808 3629 879 3686 919.
906 3657 950 3666 -
980 3629 1050 3688 910.
1074 3621 1156 3687 hunc
1178 3633 1357 3705 correptum,
1395 3665 1397 3670 ·

227 3750 256 3788 v.
274 3729 391 3806 Proleg.
403 3749 433 3806 p.
447 3731 518 3788 904.
553 3730 614 3788 Nec
631 3730 759 3789 multum
782 3729 915 3801 offendit,
940 3729 1021 3807 quod
1038 3727 1125 3788 Sosia
1146 3729 1198 3788 ille
1220 3749 1282 3788 non
1305 3729 1357 3787 ad·
1482 3719 1483 3728 ¹

227 3839 287 3904 est,
311 3851 379 3890 nam
402 3833 433 3890 iu
456 3831 568 3890 aedibus
595 3837 731 3890 versatur
760 3828 801 3903 (v.
826 3827 917 3904 949),
940 3835 976 3888 ut
997 3831 1209 3892 animadvertit
1231 3829 1276 3889 Fl.
1300 3830 1357 3908 Ep.
1482 3839 1483 3866 ³

227 3931 424 4010 c1·it.p.X11.
462 3926 519 3993 Vel
541 3933 621 4011 apud
643 3935 836 4010 imperativoe
857 3933 919 3992 fere
940 3932 1021 3992 idem
1043 3934 1192 4011 estquod
1217 3929 1355 4007 „modo“,
1482 3975 1483 3994 .

226 4033 456 4112 ci.Epid.688:
484 4035 557 4109 „Vel
575 4032 767 4114 dapignus“.
798 4035 981 4094 Mose-293:
1002 4035 1071 4110 „uel
1087 4037 1233 4094 rationem
1251 4029 1357 4113 puta“.
1482 4059 1483 4092 l

228 4138 307 4195 906ε
333 4136 407 4211 „Vel
429 4137 501 4194 mihi
524 4133 750 4196 denumerato“.
793 4139 892 4196 1074:
918 4137 990 4211 „Vel
1013 4138 1162 4196 hominem
1184 4137 1253 4196 iube
1275 4136 1357 4195 aedis
1482 4165 1483 4202 1

227 4233 438 4317 mancepare“.
458 4269 501 4278 -
524 4241 595 4298 919.
619 4235 747 4314 dudum,
770 4258 798 4297 v.
820 4241 893 4298 849.
910 4269 954 4280 -
972 4241 1032 4300 913
1051 4260 1096 4318 sq.
1123 4239 1207 4314 „Nou
1229 4259 1356 4316 acquum

226 4337 292 4398 est“
323 4341 421 4416 inquit
452 4347 504 4414 „ut
533 4343 574 4412 ei,
604 4340 684 4416 quod
711 4360 767 4418 per
794 4343 893 4400 iocum
921 4342 1035 4401 dictum
1058 4348 1117 4415 est,
1141 4341 1209 4418 plue
1231 4340 1356 4413 tribuas,
