2968 5030
241 499 304 562 432
739 492 876 548 Adwlss

241 689 299 750 hoc
319 689 452 769 probans
474 707 528 748 nec
550 687 665 748 hiatum
693 689 792 748 ierens
819 692 890 766 post
919 681 993 762 „tu“
1017 686 1149 748 addebat
1173 685 1308 765 „hodie“.
1333 721 1380 730 -

244 795 315 854 893.
334 786 419 854 Sine.
447 790 602 852 Acidaliae
617 787 709 865 „hoc“
726 791 827 868 inquit
845 789 989 868 „verbnm
1005 789 1048 849 sic
1066 810 1084 849 a
1100 789 1225 869 reliquis
1241 791 1377 866 distinxi,

242 901 276 952 ut
293 895 390 956 solum
405 893 577 973 proferatur
595 897 625 952 et
641 913 698 971 pro
715 893 847 954 formula
864 898 1043 972 agnoscatur
1059 893 1194 954 minandi
1210 913 1265 972 per
1282 915 1378 973 quan-
1474 957 1475 960 ,

242 997 311 1058 dam
333 991 587 1070 concessionem“;
610 1001 705 1069 recte,
731 1015 799 1056 nam
828 996 855 1056 si
878 1015 946 1056 cum
973 997 1168 1074 sequentibus
1191 997 1377 1072 iungeretur,

242 1101 408 1160 necessario
430 1097 619 1158 scribendum
642 1104 734 1158 esset:
762 1097 849 1173 „Sine
867 1097 957 1158 modo
975 1100 1080 1158 ueniat
1098 1098 1228 1172 domum,
1251 1098 1322 1158 faxo
1344 1105 1380 1158 nt

241 1198 347 1263 sciat“.
383 1201 441 1262 Sed
463 1201 620 1261 Acidaliae
642 1203 810 1280 exemplum
833 1200 921 1262 affert
942 1221 1049 1280 parum
1072 1207 1186 1280 aptum,
1208 1201 1278 1260 Aul.
1299 1203 1378 1274 417;

241 1306 284 1364 ibi
307 1307 387 1364 enim
410 1302 558 1382 significat
588 1303 719 1378 „Omitte
748 1299 825 1364 me“.
871 1303 928 1364 Hic
956 1305 1126 1383 comparari
1152 1309 1275 1382 poterat
1296 1302 1377 1363 Gre-

242 1427 345 1467 corum
368 1401 438 1474 sier,
460 1405 560 1466 Plauti
580 1405 686 1466 Bacch.
708 1408 785 1466 804:
811 1405 958 1483 „Egomet
980 1405 1110 1466 tabellas
1132 1407 1229 1480 tetuli,
1252 1411 1289 1464 ut
1309 1411 1377 1466 nin·

244 1512 329 1569 cirer.
365 1504 464 1569 Sine“.
509 1509 628 1568 Trucul.
653 1509 730 1567 626:
757 1509 899 1586 „pulchre
921 1507 1067 1568 ludificor.
1101 1506 1203 1568 Sine“.
1225 1537 1270 1550 ·-
1291 1508 1379 1580 Quod

244 1613 282 1671 ad
309 1631 448 1672 numeros
476 1610 749 1684 attinet,-Plautue
770 1610 799 1669 h.
823 1611 843 1670 l.
867 1612 1164 1690 proceleusmaticum
1187 1611 1245 1671 sibi
1267 1612 1378 1690 permi-

242 1717 316 1775 sisec
339 1713 472 1787 videtur;
495 1713 585 1773 Both.
608 1719 722 1790 tranep.
749 1713 803 1789 „In
819 1735 867 1774 me
884 1709 1019 1788 dixisti“,
1043 1713 1088 1774 Fi.
1116 1713 1225 1789 „modo
1241 1709 1377 1800 ueniae“.

243 1849 284 1858 —
307 1816 423 1877 Deinde
446 1815 492 1874 ΡΙ.
517 1817 626 1874 omisso
653 1817 691 1876 ut
716 1837 772 1875 scr.
799 1816 887 1892 „faxo
911 1812 1020 1891 scias“,
1042 1816 1081 1876 ad
1104 1816 1258 1893 vulgaun
1280 1836 1377 1888 usum,

242 1921 295 1980 aed
316 1923 367 1980 vix
390 1921 464 1992 iure,
487 1919 547 1978 vid.
572 1917 611 1976 ad
628 1917 737 1997 Amph.
759 1921 829 1978 351.
856 1949 894 1960 -
919 1920 991 1980 894.
1017 1913 1139 1982 Uitiam
1160 1914 1265 1979 diam
1288 1919 1379 1978 alicui

243 2029 288 2082 est
310 2022 450 2094 obiicere,
475 2021 552 2080 male
575 2019 611 2078 de
636 2020 736 2097 aliquo
760 2021 868 2095 dicere,
888 2022 924 2082 ci.
943 2020 1010 2081 Ter.
1028 2021 1134 2098 Hecyr.
1156 2023 1233 2080 154:
1260 2021 1378 2096 „Reddi

242 2127 323 2204 patri
346 2129 453 2197 autem,
477 2123 547 2202 quoi
569 2128 604 2182 tu
626 2121 700 2182 nihil
723 2124 804 2184 dicas
827 2125 892 2199 uiti,
917 2120 1146 2204 Superbumst“.

329 2229 401 2288 895.
424 2227 612 2304 Argyrippus
633 2230 752 2302 patrem
774 2226 813 2286 ad
835 2227 930 2286 aleam
951 2227 1068 2300 invitat,
1091 2247 1119 2286 v.
1137 2245 1230 2303 supra
1247 2227 1286 2286 ad
1304 2231 1376 2286 772.

242 2330 432 2390 Demaeuetne
454 2347 546 2407 quum
568 2329 648 2402 iacit
671 2327 729 2386 sibi
746 2328 924 2388 Philaenium
948 2335 1034 2408 optat
1056 2333 1243 2406 mortemque
1264 2333 1375 2390 uxoris.

242 2431 403 2492 Editorum
426 2432 564 2510 plerique
582 2426 677 2490 acori
693 2433 887 2510 scripserunt,
905 2431 986 2508 quod
1005 2432 1375 2511 oppositiomcmbrorum
1474 2429 1475 2471 l

244 2536 400 2632 postulare
427 2532 603 2605 videbatur3
631 2531 684 2591 esd
706 2534 759 2609 qui
780 2533 860 2593 talos
882 2535 967 2608 iacit,
996 2533 1068 2608 sibi,
1095 2553 1156 2594 non
1180 2535 1286 2610 alteri,
1307 2542 1376 2596 vota

244 2639 326 2698 iacit.
370 2637 406 2696 In
433 2641 537 2696 nostra
564 2635 695 2694 editione
718 2636 889 2712 corrigendi
910 2637 1027 2696 incuria
1048 2636 1168 2698 dativus
1191 2638 1311 2698 mansit.
1334 2669 1376 2678 -

244 2740 316 2799 Mox
355 2739 442 2798 iactis
475 2739 545 2796 talis
578 2757 644 2796 cum
677 2736 786 2816 gaudio
819 2739 967 2799 exclamet
999 2759 1030 2799 se
1059 2733 1230 2802 Uenetum
1262 2741 1373 2800 iecisse.
1473 2801 1474 2816 ἶ

244 2842 344 2900 Venus
378 2841 455 2899 enim
489 2839 645 2899 dicebatur
678 2840 809 2917 optimus
841 2841 952 2914 iactus,
981 2840 1033 2900 ubi
1061 2863 1097 2900 ex
1130 2847 1274 2920 quattuor
1306 2844 1375 2904 tulis
1473 2833 1474 2854 ³

245 2965 330 3004 suum
348 2945 475 3023 quisque
497 2961 652 3002 numerum
671 2943 866 3017 monstrabat,
884 2944 934 3003 vel
949 2948 985 3002 ut
1002 2947 1047 3004 ait
1062 2944 1213 3004 Martialis
1225 2945 1306 3020 xlv,
1328 2947 1373 3020 14,

249 3067 359 3126 „quum
395 3047 515 3106 steterit
547 3045 647 3104 nullus
680 3045 765 3104 vultu
798 3045 855 3104 sibi
887 3046 967 3106 talus
1001 3043 1135 3107 eodem“.
1184 3047 1229 3107 Oi.
1253 3049 1373 3108 Lucian.

245 3151 344 3210 Amor.
373 3152 425 3209 16:
452 3151 484 3224 τῇ
507 3151 624 3226 τραπέζῃ
646 3150 770 3226 τέτταρας
794 3147 982 3226 ἀστραγάλους
1005 3149 1207 3228 ἀπαριθμήσας
1229 3151 1375 3208 domitasse

244 3257 290 3324 τὴν
312 3254 423 3318 ἐλπίδα,
447 3252 490 3309 καὶ
513 3252 604 3326 βαλὼν
625 3255 674 3325 μὲν
697 3252 743 3308 ἐπὶ
767 3253 886 3320 suenci,
906 3253 1025 3327 μάλιστα
1048 3253 1072 3308 d'
1096 3257 1124 3310 εἴ
1142 3275 1209 3311 ποτε
1235 3256 1283 3326 τὴν
1307 3257 1374 3312 θεὸν

245 3357 325 3426 αὐτὴν
344 3356 502 3430 οὐβολήσειε,
520 3355 634 3429 μηδενὸς
653 3354 827 3431 ἀστραγάλου
847 3357 977 3421 πεσόντος
994 3359 1045 3431 ἴσῳ
1065 3357 1191 3430 σχήματι,
1209 3360 1373 3433 προσεκύνει.

247 3489 285 3499 -
310 3461 382 3518 eet.
406 3453 558 3530 mulsum,
586 3457 688 3516 vinum
717 3457 805 3516 melle
832 3458 1001 3532 conditum,
1030 3479 1057 3516 v.
1081 3457 1211 3532 Becker,
1236 3458 1316 3520 Gall.
1338 3461 1373 3532 Π,

244 3582 274 3640 p.
297 3561 366 3621 174.
390 3591 433 3601 —
457 3561 528 3620 898.
552 3559 714 3636 Postquam
731 3560 895 3621 Artemona
918 3561 994 3620 dixit
1016 3581 1047 3620 se
1069 3561 1127 3620 hoo
1149 3561 1278 3639 amplius
1301 3563 1375 3621 serre

244 3683 304 3722 non
325 3683 422 3740 posse,
448 3658 563 3722 durare
584 3683 644 3722 non
660 3681 758 3740 poseo,
777 3685 804 3722 v.
822 3664 932 3742 Amph.
952 3665 1023 3737 8⁷5,
1039 3663 1193 3742 parasitus
1211 3666 1376 3724 scurriliter

245 3765 301 3824 hoc
312 3765 437 3824 verbum
455 3766 513 3824 elio
530 3785 618 3824 sensu
636 3767 753 3844 accipit,
772 3787 826 3826 nec
842 3767 949 3827 mirum
967 3785 1031 3825 ease
1049 3767 1093 3825 ait
1109 3786 1174 3824 eam
1192 3766 1302 3828 durare
1318 3789 1375 3828 non

244 3886 341 3944 posse,
358 3867 384 3925 ei
401 3887 461 3927 non
478 3868 636 3927 fulloniam
654 3875 749 3928 artem
767 3869 915 3929 didicerit.
950 3865 1102 3943 „Durare“
1123 3869 1217 3944 igitur
1234 3869 1375 3929 fullonum

245 3974 299 4028 est.
334 3969 420 4042 Quod
443 3971 495 4046 qni
518 3969 555 4028 ad
577 3975 689 4030 tetrum
713 3971 835 4032 odorem
855 3993 921 4032 cum
941 3991 1044 4031 eorum
1061 3971 1163 4031 labore
1187 3974 1375 4032 coniunctum

246 4074 430 4146 retulerunt,
457 4073 542 4160 quasi
564 4077 655 4150 poeta
677 4077 790 4132 tetrum
812 4075 913 4134 mariti
936 4077 1096 4136 scortantis
1118 4077 1214 4135 visum
1237 4095 1304 4134 cum
1326 4075 1375 4134 illo

245 4175 351 4234 foetore
384 4176 578 4254 compararit,
612 4177 664 4235 vix
696 4196 799 4238 verum
834 4179 1026 4251 invenerunt;
1066 4178 1233 4257 parasitum
1272 4178 1375 4238 saltem

247 4279 342 4353 magis
370 4278 512 4337 decuerat
539 4298 576 4336 ex
603 4277 735 4356 piscibus
768 4281 881 4341 ioetidis
913 4283 1166 4360 comparationem
1194 4285 1316 4358 petere,
1343 4285 1376 4338 nt

246 4377 407 4456 capesce
425 4397 490 4456 sqq.
524 4379 634 4439 Melius
652 4381 704 4440 alii
725 4379 870 4454 „durare“
892 4385 1053 4442 transitivo
1076 4403 1165 4444 sensu
1187 4387 1374 4462 acceperunt,
