2968 5030
597 465 630 520 v.
649 465 795 521 roi—no.
1200 471 1263 534 421

131 663 313 741 suspiciosus
335 667 451 721 amator
472 661 589 720 metuit.
634 660 670 720 In
693 660 829 720 exeundo
851 665 966 734 autem,
991 661 1015 722 si
1037 661 1200 722 triclinium
1222 663 1267 722 ita

131 771 336 845 comparatum
354 765 422 838 suit,
439 768 474 823 ut
491 763 672 842 Pompeiana
693 763 755 838 illa,
778 769 815 824 ut
835 764 906 822 lecti
928 765 1076 841 parietem
1097 769 1265 842 tangerent,

130 869 195 928 lieri
212 888 273 928 non
290 869 391 947 potuit
409 869 482 944 quin
498 886 553 945 per
569 869 738 945 proximum
761 867 872 926 lectum
893 868 1052 940 transiret3
1075 867 1176 946 itaque
1198 874 1268 945 post

134 968 267 1049 „neque“
291 969 396 1030 addidi
414 983 522 1046 quom,
546 970 628 1046 quod
646 970 736 1028 etium
753 970 908 1046 proximus
924 989 1027 1029 versus
1044 967 1175 1048 flagitat3
1197 991 1267 1030 uam

130 1076 182 1153 qni
204 1094 271 1133 eam
294 1074 404 1132 lectum
427 1072 602 1132 inscendere
622 1073 744 1132 omuino
763 1073 867 1145 vetuit,
886 1073 950 1131 eius
967 1092 1026 1132 uon
1044 1076 1097 1145 eet,
1117 1073 1266 1150 quomodo

130 1176 201 1237 inde
224 1175 406 1235 descendere
430 1175 549 1249 debeat,
572 1176 745 1253 precipere.
764 1203 808 1216 ν-
831 1177 903 1235 771.
925 1175 999 1236 Post
1021 1170 1093 1253 quoi
1114 1175 1213 1234 hiatus
1236 1177 1267 1234 in

131 1299 261 1352 casura3
283 1277 372 1338 Both.
389 1277 436 1338 Fl.
458 1275 670 1356 „quoiquam“.
705 1271 833 1338 Annios
850 1284 967 1338 mustei
988 1283 1050 1336 tam
1073 1279 1154 1338 virne
1177 1297 1268 1355 quam

131 1383 257 1442 feminas
279 1381 371 1457 vulgo
393 1385 538 1459 gestasse.
583 1380 645 1439 Hos
673 1399 753 1458 sape
782 1380 860 1440 alter
888 1381 976 1439 alteri
1003 1382 1204 1455 monstrabat,
1233 1387 1269 1441 nt

133 1490 185 1545 aut
208 1489 305 1544 artem
327 1483 450 1562 sculpta
472 1483 614 1560 imaginis
637 1488 690 1541 aut
707 1482 899 1560 splendorem
917 1503 1040 1561 gemmae
1058 1483 1267 1544 admiraretur.

131 1588 204 1647 Tale
227 1586 301 1664 quid
324 1605 387 1644 eam
411 1585 509 1644 facere
532 1589 649 1644 amator
667 1587 805 1663 suspicax
822 1591 913 1660 vetat,
931 1606 986 1644 nec
1005 1588 1067 1644 sine
1087 1605 1183 1662 cauea,
1207 1588 1267 1647 vid.

132 1689 231 1749 Tibul.
255 1689 283 1763 I,
309 1690 342 1763 6,
368 1691 406 1748 25
431 1708 491 1765 sq.:
524 1687 627 1765 „Saepe
649 1687 733 1746 velut
754 1707 888 1766 gemmas
911 1690 975 1747 eius
997 1689 1175 1767 signumque
1197 1711 1268 1769 pro-

132 1792 245 1866 barem,
268 1791 327 1850 Per
349 1810 465 1850 causam
489 1791 611 1850 memini
633 1811 680 1849 me
702 1792 836 1868 tetigisse
859 1788 1008 1850 mauum“.
1026 1821 1069 1832 -
1087 1793 1159 1850 772.
1179 1787 1269 1852 Talis

133 1899 164 1954 in
187 1894 326 1956 convivio
347 1893 453 1952 ludere
476 1893 622 1968 solebant,
645 1915 673 1952 v.
697 1893 776 1952 infra
792 1894 871 1952 005.
895 1893 985 1952 Most.
1011 1895 1082 1954 303.
1105 1893 1170 1952 Mil.
1199 1896 1268 1954 165.

132 1999 167 2057 Iu
189 1999 248 2057 hoc
269 1997 338 2056 lusu
360 1996 437 2055 alter
459 1997 585 2056 altorum
607 1995 811 2075 provocabat,
835 1995 870 2054 cf.
895 1995 980 2056 Cure.
1006 1997 1076 2056 355.
1122 1997 1268 2057 Pbilaenio

133 2107 245 2180 prater
267 2119 359 2158 unum
382 2097 545 2160 Diabolum
567 2103 715 2159 neminem
739 2119 904 2178 provocare
926 2098 1039 2159 licebit.
1075 2098 1110 2158 In
1133 2099 1269 2160 iaciendo

134 2209 237 2263 autem
265 2207 318 2261 aut
345 2200 415 2262 deos
437 2203 633 2276 invocabant,
657 2223 731 2281 quos
753 2202 812 2262 sibi
835 2204 987 2280 propitios
1010 2202 1074 2261 fore
1097 2202 1269 2280 sperabant,

133 2311 186 2366 aut
209 2306 346 2365 homines
370 2324 436 2380 eos,
460 2323 535 2382 quos
564 2305 692 2365 maxime
721 2304 876 2378 amabant,
906 2307 967 2363 eive
990 2324 1049 2383 qno
1071 2306 1184 2366 nullam
1207 2327 1270 2366 rem

134 2410 230 2468 amori
265 2428 297 2467 se
330 2408 472 2486 preferre
505 2407 720 2484 significarent,
754 2409 816 2466 sive
849 2413 884 2466 ut
917 2413 1055 2466 eventum
1088 2410 1195 2471 iactus·
1214 2429 1269 2487 pro

135 2513 234 2571 omine
262 2509 424 2582 baberent,
454 2510 491 2568 ci.
519 2509 603 2588 Oapt.
628 2512 683 2569 73:
719 2512 768 2584 „in
796 2513 935 2570 conuiuio
958 2511 1016 2570 sibi
1038 2516 1169 2586 amator,
1193 2512 1270 2575 talos

136 2634 226 2692 quom
249 2614 330 2686 iacit,
354 2619 485 2671 scortum
507 2610 659 2672 inuocat“.
702 2612 787 2672 (iuro.
808 2615 884 2672 356:
914 2612 1270 2686 „inuocatPluuesiu1n“.

135 2717 215 2776 iufra
238 2717 314 2776 800:
349 2715 422 2788 ,Te,
446 2713 651 2789 Philaenium,
676 2715 750 2773 mihi
773 2721 864 2793 atque
887 2719 990 2776 uxoris
1013 2715 1170 2776 mortem“.
1214 2717 1272 2776 Sed

136 2819 297 2892 Philtonio,
327 2817 374 2876 vel
403 2819 428 2876 si
454 2823 634 2896 praeseutem
661 2819 836 2878 invocatura
864 2826 923 2894 cst,
953 2841 1014 2879 non
1043 2820 1071 2880 te
1099 2821 1273 2898 simpliciter

136 2923 236 2982 dicere
266 2920 384 2996 licebit,
419 2941 456 2979 ne
489 2919 569 2981 forte
604 2920 679 2980 alins
712 2921 841 2980 hominis
875 2943 982 2981 nomeu
1015 2929 1114 2982 mente
1146 2925 1271 2998 cogitet,

136 3044 245 3084 nomen
267 3023 378 3082 addere
402 3022 564 3101 oportebit.
610 3022 697 3094 Quod
720 3024 745 3082 si
769 3023 892 3082 deorum
916 3045 1002 3102 opem
1025 3025 1215 3103 implorabit,
1240 3032 1274 3084 ut

136 3128 288 3205 parasitus
311 3127 342 3185 in
365 3124 450 3185 Cure.
477 3127 536 3184 358
560 3125 711 3200 Herculia,
741 3125 813 3184 deas
842 3126 919 3184 solas
947 3129 1080 3200 invocet,
1110 3147 1178 3186 nam
1202 3127 1274 3186 deos

137 3233 225 3290 etiam
254 3230 364 3289 rivales
392 3230 501 3288 metuit
529 3228 717 3300 adulesceus;
753 3231 779 3286 si
807 3228 865 3287 sibi
894 3230 1066 3307 religiosum
1095 3251 1160 3289 ease
1187 3235 1273 3308 puta·

137 3335 223 3406 verit,
248 3337 284 3391 ut
305 3331 394 3390 deum
416 3331 545 3408 aliquem
568 3331 689 3405 adoret,
718 3335 818 3409 ipsum
847 3353 878 3390 ee
908 3334 950 3390 ait
977 3352 1033 3411 pro
1062 3353 1097 3390 ea
1118 3333 1273 3392 invocatu-

138 3455 213 3495 rum.
242 3463 287 3477 -·
314 3437 386 3493 777.
409 3434 457 3492 Ad
485 3433 564 3493 huno
592 3435 690 3493 locum
714 3434 828 3492 Nonius
857 3455 886 3512 p.
912 3437 988 3494 439:
1024 3436 1125 3508 „luter
1152 3435 1273 3510 nutare,

138 3534 290 3611 adnuere,
323 3532 444 3598 nictare
476 3542 593 3596 veteres
627 3537 683 3595 boc
717 3537 861 3594 interesse
896 3537 1069 3610 voluerunt,
1103 3543 1138 3596 ut
1167 3544 1274 3597 nutare

138 3641 260 3719 capitis,
285 3639 417 3698 adnuere
439 3640 488 3698 vel
511 3642 635 3698 innuere
658 3640 776 3698 uarium
804 3641 853 3698 vel
875 3640 1041 3713 labrorum,
1066 3643 1182 3698 nictare
1205 3659 1273 3699 ocu·

137 3743 235 3804 lorum
257 3741 485 3820 significantiam
509 3761 573 3802 esse
593 3741 816 3816 decreveriut“;
838 3746 969 3822 primum
988 3749 1018 3801 et
1035 3743 1159 3802 tertium
1176 3748 1272 3816 reete;

139 3847 268 3904 altorum
291 3849 322 3903 et
342 3843 449 3923 putide
473 3850 504 3904 et
525 3865 699 3925 perperam
729 3841 867 3906 adnuere
895 3847 1064 3921 generalem
1090 3847 1151 3904 vim
1173 3845 1272 3918 habet,

139 3949 226 4025 quasi
248 3947 387 4006 dixisset:
423 3953 493 4020 ,aut
517 3953 604 4006 nutet
627 3953 680 4006 aut
702 3950 797 4007 nictet
819 3955 872 4008 unt
895 3950 953 4008 alio
977 3952 1084 4026 quovis
1107 3948 1198 4007 modo
1221 3948 1273 4007 ad-

139 4057 222 4111 nuat.
266 4049 334 4110 Duo
362 4051 466 4128 priora
492 4052 658 4128 iunguntur
686 4053 775 4110 etiam
798 4053 878 4110 Men.
904 4053 974 4111 601.
1011 4051 1104 4110 Mero.
1128 4052 1200 4110 400.
1232 4081 1274 4091 -·-

141 4157 212 4214 778.
236 4149 376 4215 extricata
398 4155 448 4214 eet
469 4148 574 4228 codd.;
597 4153 644 4213 Fl.
671 4151 764 4227 „sit“;
788 4174 844 4232 ego
871 4152 964 4228 „erit“
991 4154 1091 4226 malui,
1109 4161 1145 4212 ut
1163 4173 1191 4212 v.
1211 4154 1271 4211 775

143 4253 282 4329 ,luerit“.
299 4285 343 4296 —
361 4259 421 4316 779
441 4277 484 4334 sq.
508 4273 546 4316 ne
569 4253 648 4335 quid
668 4252 719 4316 sui
740 4251 879 4332 meludit,
903 4258 921 4314 i.
942 4277 966 4315 e.
991 4277 1028 4314 ne
1052 4276 1140 4334 quam
1157 4259 1273 4332 partem
