2960 5038
258 503 320 562 234
734 497 910 566 Amphitruo.

257 713 287 770 p.
321 693 378 748 189
407 691 439 748 P.
468 712 501 738 τ
530 692 590 749 912
620 691 672 748 K:
717 707 863 768 „pereyre
901 713 967 750 cum
1002 693 1065 749 abit
1098 693 1165 767 quis
1199 693 1320 750 dicimus
1358 693 1388 748 in

257 796 353 852 locum
377 838 479 866 .....
497 791 629 870 pereglri
651 799 758 864 autem,
783 813 847 851 cum
870 795 901 852 in
924 795 990 852 loco
1013 801 1072 866 cst;
1096 793 1221 853 Plautus
1242 797 1272 854 iu
1294 796 1389 852 Persa
1456 809 1457 834 ³

259 893 344 970 (30):
386 898 457 972 quia
494 916 562 954 erus
600 897 717 972 peregri
751 893 833 966 est“;
869 897 920 955 ubi
955 896 1040 955 codd.
1075 897 1174 955 Plaut.
1214 894 1387 973 „peregreffi

256 1029 299 1040 -
322 1015 380 1074 que
402 1028 445 1038 -
467 999 498 1056 et
523 1018 560 1056 ne
589 999 655 1074 quis
678 1017 695 1055 a
717 996 824 1055 Plauto
853 999 982 1057 alienum
1011 1005 1112 1074 putet,
1143 999 1180 1057 cf.
1205 999 1288 1075 Capt.
1312 1001 1387 1056 311.
1456 999 1457 1058 i

258 1101 328 1158 cist.
356 1103 403 1158 12.
447 1101 607 1158 11111699.
653 1101 732 1158 Poen.
757 1101 785 1156 3.
832 1099 922 1158 Stich.
948 1103 1018 1160 658.
1063 1101 1206 1160 Similiter
1228 1101 1388 1158 Terentius
1456 1121 1457 1136 ¹

257 1203 333 1262 Eun.
358 1205 428 1260 876.
463 1203 520 1261 Ad.
544 1203 593 1260 64.
617 1231 659 1241 -
682 1203 709 1259 7.
738 1197 946 1276 Quasque-
970 1219 1122 1278 quotque,
1153 1204 1189 1261 cl.
1213 1204 1290 1260 inira
1314 1204 1386 1260 166.
1456 1233 1457 1238 =

257 1308 328 1364 Cist.
355 1307 424 1368 354.
457 1300 549 1362 Stich.
572 1305 645 1362 107:
673 1303 797 1374 „Nullus
819 1310 931 1382 praeter
952 1325 1066 1382 nosque
1089 1303 1211 1383 tequo“.
1234 1335 1276 1344 —
1298 1307 1325 1362 9.
1352 1319 1389 1362 ea

258 1405 410 1486 adseram,
434 1423 470 1465 ea
491 1407 528 1464 ut
549 1403 700 1477 nuntiem,
724 1408 768 1464 sic
786 1407 887 1478 codd.;
911 1407 962 1464 sed
985 1407 1049 1465 fieri
1068 1409 1120 1465 vix
1136 1413 1245 1485 potest,
1268 1412 1301 1465 ut
1317 1427 1389 1464 con·
1456 1413 1457 1418 ’

257 1511 370 1567 iunctio
398 1511 430 1566 iu
457 1510 559 1585 priore
589 1507 722 1566 membro
754 1511 924 1582 omittatur,
948 1511 979 1566 in
1002 1511 1096 1568 altero
1118 1515 1264 1588 ponatur3
1294 1529 1387 1587 quare

256 1613 350 1690 priori
373 1631 492 1688 quoque
515 1610 551 1668 ut
572 1609 688 1680 addidi,
714 1611 849 1687 quamvis
871 1612 987 1674 numeri
1009 1613 1130 1670 minime
1160 1613 1306 1690 placeant.
1349 1612 1387 1668 In
1456 1613 1457 1616 ’

258 1714 391 1773 codicum
419 1713 568 1788 scriptura
596 1732 686 1788 quum
714 1711 815 1770 hiatus
842 1711 1025 1785 offendisset,
1056 1714 1244 1772 Camerarius
1275 1733 1386 1790 „eaque
1456 1707 1457 1720 ¹

257 1821 291 1875 ut
313 1811 463 1874 nuntiem“
490 1816 657 1890 scripserat,
681 1815 727 1872 Fl.
755 1835 807 1886 „ea
829 1816 874 1872 uti
895 1813 944 1874 n.“
969 1845 1013 1856 -
1038 1817 1085 1874 12.
1105 1813 1232 1875 nuntiis
1246 1813 1386 1892 praesim

257 1921 289 1980 et
310 1914 404 1978 lucre.
440 1907 621 1976 Mercurium
645 1921 675 1974 et
696 1936 752 1993 pro
775 1917 898 1976 deorum
920 1919 1025 1976 nuntio
1048 1919 1138 1976 fuisse
1161 1922 1192 1976 et
1213 1917 1384 1977 horninibus

256 2023 341 2094 lucri,
365 2023 492 2078 maxime
514 2039 552 2076 ex
573 2025 741 2077 mercatura
763 2023 885 2096 accepti,
909 2025 1059 2078 auctorem
1078 2020 1214 2078 habitum
1231 2041 1294 2079 esse
1311 2021 1385 2078 satis
1456 2069 1457 2072 ,

183 2139 186 2142 ·
256 2128 358 2182 notum
386 2127 440 2180 est.
486 2121 572 2193 Quod
599 2122 631 2179 iu
659 2121 714 2179 hec
742 2124 894 2180 sententia
921 2123 957 2182 ut
983 2125 1124 2181 omissum
1152 2127 1211 2196 est,
1241 2124 1277 2181 cf.
1307 2123 1385 2181 infra

211 2243 217 2250 ·
258 2227 328 2284 969.
354 2225 424 2282 626.
449 2225 526 2282 869:
565 2223 688 2296 „faciam
722 2243 770 2281 res
803 2221 856 2282 fiat
889 2222 1018 2301 palam“.
1064 2223 1156 2284 Stich.
1184 2227 1257 2284 180:
1297 2225 1384 2298 „lecit
1456 2239 1457 2244 ’

256 2327 400 2385 ridiculus
428 2323 552 2384 forem“.
598 2325 677 2382 Men.
703 2326 778 2384 348:
812 2326 919 2400 „vide
944 2326 1024 2404 quod
1046 2332 1148 2404 opust,
1177 2323 1260 2384 fiad.
1306 2327 1381 2384 927:

260 2429 347 2502 „Scin
375 2427 449 2505 quid
476 2428 567 2485 facias
596 2425 820 2503 optumumst?“
869 2427 959 2486 Mero.
985 2431 1063 2488 883:
1097 2428 1193 2502 „Quin
1216 2429 1306 2500 facis,
1329 2447 1383 2504 ego
1456 2511 1457 2514 Ἴ

256 2528 415 2590 uideam?“
447 2531 528 2587 Asin.
553 2511 624 2588 637.
647 2559 690 2568 —
715 2531 763 2588 13.
787 2525 975 2605 adprobare,
1005 2550 1074 2589 nam
1102 2533 1160 2589 nisi
1188 2531 1245 2589 diis
1276 2531 1381 2606 adpro·

256 2632 396 2691 bentibus
424 2651 531 2708 parum
559 2629 619 2688 fida
647 2637 692 2688 est
719 2631 871 2690 hominum
902 2632 1023 2691 fortuna
1051 2638 1081 2691 et
1108 2634 1266 2691 industria.
1315 2631 1382 2705 „Dii

257 2731 441 2810 adprobent*
467 2733 557 2806 vulgo
581 2732 728 2805 dicebant,
752 2738 786 2790 ut
805 2734 898 2792 Cicer.
917 2734 1001 2792 Verr.
1022 2735 1055 2807 V,
1083 2737 1130 2806 19,
1155 2737 1206 2794 49.
1242 2734 1281 2792 ad
1297 2733 1379 2791 Fam.

256 2836 294 2907 ll,
321 2839 368 2907 15,
394 2837 423 2893 2.
457 2834 495 2892 ad
516 2835 579 2894 Aac.
604 2833 658 2906 VI,
684 2837 717 2907 6,
745 2837 771 2893 l.
795 2836 832 2894 el.
874 2836 1015 2895 Metellus
1037 2837 1211 2894 Numidicus
1234 2857 1281 2912 ap.
1305 2835 1379 2894 Geli.

256 2939 279 3009 1,
305 2939 333 3010 6,
359 2939 392 2994 8:
426 2936 493 3008 „Dii
516 2937 697 2994 immortales
719 2939 861 2996 uirtutem
877 2939 1059 3016 ¹adprobare,
1083 2959 1144 2998 non
1167 2939 1309 2996 adbibere
1332 2938 1379 2995 de-

255 3039 358 3099 bent“.
382 3070 424 3079 —
447 3035 594 3098 adultior.
624 3038 742 3110 Pareus,
765 3039 864 3113 Roth„
889 3041 970 3099 Lom.
998 3061 1052 3114 „ac
1074 3040 1196 3115 nitier“,
1220 3041 1274 3099 sed
1297 3060 1380 3115 asyn-

255 3143 325 3201 dota
357 3144 433 3200 varii
465 3141 582 3218 generis
615 3143 806 3199 inveniuntur
839 3143 918 3218 apud
952 3146 1101 3221 antiquos.
1147 3145 1312 3203 Verborum
1340 3145 1380 3200 sie

256 3245 458 3322 adpositorum
482 3245 562 3321 apud
581 3244 720 3300 Plautum
742 3263 803 3302 non
824 3265 920 3322 pauca
942 3247 1078 3324 exempla
1100 3253 1184 3305 sunt:
1208 3245 1288 3304 infra
1310 3246 1377 3303 916.

255 3349 337 3405 Asin.
365 3348 433 3404 168.
459 3348 530 3404 257.
574 3345 680 3404 Bacch.
705 3346 767 3404 403
791 3343 971 3422 („perdidit‚
1002 3368 1121 3425 pessum
1151 3345 1278 3420 dodit“).
1310 3347 1378 3404 428.

257 3450 327 3507 546.
353 3449 423 3507 628.
455 3447 520 3507 Cas.
545 3448 616 3507 494.
647 3446 726 3506 Men.
747 3449 806 3506 338
832 3444 1028 3525 (gadplicant,
1051 3446 1285 3524 adglutinant“).
1316 3447 1377 3506 Mil.

258 3555 327 3610 137.
373 3551 464 3610 Mero.
497 3555 535 3610 55
566 3547 731 3624 („trabere,
761 3548 962 3624 exhaurire“),
991 3552 1030 3610 al.
1059 3551 1218 3610 Nominum
1248 3551 1379 3627 exempla

254 3675 282 3713 v.
302 3655 372 3713 891.
394 3683 432 3694 -
454 3657 501 3713 15.
526 3651 763 3729 of.Poen.pr01.
783 3654 817 3711 3:
844 3651 1012 3730 „Sileteque
1035 3659 1065 3712 ct
1087 3659 1183 3712 tacete
1206 3659 1296 3730 atque
1320 3654 1377 3710 ani·

254 3776 334 3814 mum
357 3753 539 3817 aduortite“.
556 3785 600 3795 -
615 3750 751 3832 societte,
769 3755 902 3812 furtorum
924 3775 979 3832 pro
1002 3757 1187 3832 imperativo,
1207 3755 1267 3814 vid.
1280 3754 1377 3813 Madv.

255 3857 306 3917 Gr.
322 3858 387 3916 Lat.
408 3859 468 3916 384
487 3864 550 3917 not.
566 3887 611 3898 --
631 3859 678 3916 16.
703 3851 826 3930 arbitri,
850 3859 869 3916 i.
893 3878 918 3916 e.
942 3857 1064 3916 iudices.
1099 3857 1289 3935 Spectatorcs
1312 3875 1377 3933 pro·

254 3961 353 4018 bando
377 3965 406 4017 et
428 3960 624 4036 improbando
648 3959 684 4017 de
706 3959 810 4017 fabula
833 3957 973 4017 iudicant.
1011 3958 1095 4030 Orat,
1113 3965 1148 4016 ut
1166 3961 1243 4035 aequi
1262 3965 1292 4016 et
1308 3959 1377 4016 iusti

254 4061 367 4120 iudices
389 4063 457 4121 siut.
503 4062 641 4120 Holtniua
665 4061 781 4120 confert
803 4061 934 4119 Terentii
956 4062 1109 4138 prologos,
1133 4059 1209 4119 Eun.
1235 4062 1290 4118 29:
1328 4060 1377 4132 „ld

254 4167 296 4222 ita
319 4185 390 4237 esse,
414 4184 468 4223 uos
491 4166 549 4223 iam
571 4164 703 4242 iudicare
722 4161 891 4241 poteritis“.
925 4163 1033 4222 Heaut.
1050 4165 1103 4221 12:
1131 4163 1288 4235 „Vostrum
1304 4164 1376 4222 iudi·

255 4269 332 4325 cium
351 4265 450 4326 sscit“.
476 4269 530 4326 25:
554 4267 739 4340 „Arbitrium
757 4272 900 4338 nostrum,
919 4272 1021 4324 uostra
1038 4268 1217 4325 existimatio
1235 4263 1375 4325 ualebit“.

254 4368 310 4426 Ad.
335 4371 354 4425 4
378 4389 439 4445 sq.:
475 4369 551 4440 „Vos
574 4371 657 4426 eritis
680 4369 801 4439 iudices,
825 4369 945 4426 landino
968 4389 1006 4426 an
1028 4369 1103 4426 uitio
1126 4369 1193 4426 duci
1216 4370 1247 4426 id
1270 4370 1375 4428 facum

255 4467 421 4545 oporteat“.
468 4527 470 4534 ,
