2960 5038
262 482 323 545 190
713 473 929 546 ,Prolagomena

259 673 340 750 quod
362 671 405 731 eic
427 671 536 748 sapius
557 689 618 729 una
639 669 850 747 compedibus
866 669 1014 730 voeabula
1030 669 1237 743 terminentur,
1255 669 1393 728 Bentleii

259 774 426 853 exemplum
449 777 628 851 sequuntur,
657 773 709 851 qui
736 772 882 832 iambicos
909 791 1014 832 versus
1036 771 1200 831 secundum
1221 771 1392 831 trochaicus

258 876 396 955 dipodius
423 874 625 950 describebat,
654 895 713 934 non
741 875 932 952 antiquorum
960 877 1116 934 rationem.
1161 873 1241 933 Illud
1267 892 1393 950 quoqne

257 979 336 1038 iuter
362 979 444 1037 viros
472 977 575 1037 doctos
604 977 786 1055 disputatum
815 982 874 1051 est,
897 967 960 1036 utri
983 997 1019 1036 ex
1040 977 1138 1055 longis
1167 975 1285 1054 syllabis
1302 977 1392 1033 ictus

257 1081 398 1140 metricus
430 1079 608 1139 tribuendus
641 1082 691 1138 sit.
752 1079 893 1158 Plerique
926 1081 1022 1156 priori
1055 1085 1211 1138 accentum
1243 1097 1392 1156 superpo-

259 1186 397 1254 suerunt,
420 1201 475 1240 noa
497 1183 674 1241 ereticorum
696 1183 845 1242 rationem
873 1184 969 1242 secuti
997 1182 1085 1240 alteri
1106 1181 1264 1240 multumne
1286 1179 1321 1256 (υ
1344 1173 1390 1256 —i

344 1385 431 1446 Hunc
456 1402 576 1446 versum
604 1387 706 1447 Latini
734 1391 846 1464 poete,
875 1388 1004 1446 maxime
1030 1386 1188 1459 Plautus,
1206 1388 1237 1445 in
1269 1385 1391 1444 deliciis

258 1488 437 1548 habuerunt.
473 1488 509 1547 In
532 1508 566 1548 eo
590 1488 692 1548 eadem
715 1489 772 1548 sibi
794 1489 953 1564 indulgent
974 1510 1039 1566 queo
1062 1488 1094 1548 in
1115 1491 1238 1566 proprie
1259 1489 1387 1547 creticis.

257 1590 419 1650 Anacrusis
440 1590 505 1649 loco
528 1611 584 1668 pro
607 1591 706 1650 iambo
729 1593 818 1651 etium
837 1591 1003 1669 spondeum
1021 1599 1051 1650 et
1069 1597 1254 1668 anapestum
1270 1591 1389 1662 ferunt,

257 1711 312 1772 pro
335 1694 433 1771 primo
452 1693 560 1751 cretico
583 1694 689 1765 rarius,
712 1713 767 1769 pro
786 1693 881 1752 altero
899 1694 1054 1770 aliquanto
1072 1695 1181 1771 sapius
1199 1690 1389 1752 choriambus

257 1796 424 1884 invenitur3
448 1799 580 1854 extrema
602 1795 820 1854 trochaicorum
838 1797 918 1873 leges
935 1801 1108 1873 sequuntur.
1144 1795 1290 1854 Caesarum
1304 1813 1390 1869 saepc

256 1897 348 1956 habet
369 1902 440 1975 post
461 1897 588 1956 alterum
610 1896 773 1971 bacchium,
797 1897 932 1957 sednon
955 1903 1134 1957 constanter.
1171 1897 1273 1956 Multa
1289 1914 1388 1954 acenae

258 2000 339 2077 apud
361 1999 501 2058 Plautum
528 1999 721 2058 inveniuntur
748 2019 885 2076 magnam
914 2005 1032 2077 partem
1065 2000 1112 2059 his
1144 1999 1277 2058 versibus
1303 2017 1388 2056 com-

256 2105 372 2182 positae,
394 2101 446 2160 aed
464 2102 534 2178 quia
549 2121 653 2161 versus
670 2090 825 2162 acatalecti
842 2107 921 2176 eunt,
941 2102 1045 2162 eadem
1061 2107 1224 2178 systemata
1241 2099 1387 2177 appellari

256 2209 390 2282 possunt,
404 2208 435 2262 et
447 2205 557 2262 cretica
570 2205 698 2283 quidem,
716 2207 742 2264 ei
758 2210 893 2264 nostram
910 2205 1044 2282 aequaris
1060 2204 1203 2262 metiendi
1220 2205 1386 2273 rationem,

256 2328 310 2366 nec
338 2305 446 2365 desunt
475 2307 611 2384 exempla
637 2327 775 2367 versuum
803 2309 1041 2380 coniunctorum,
1070 2305 1122 2364 ubi
1150 2307 1277 2364 creticus
1303 2305 1387 2362 inter

257 2409 331 2468 duos
360 2428 464 2466 versus
492 2407 606 2469 divisus
633 2429 692 2468 uno
715 2411 888 2469 continetur
910 2409 1069 2483 vocabulo,
1093 2413 1128 2467 ut
1150 2409 1231 2468 Men.
1256 2409 1314 2466 559
1338 2425 1385 2480 sq.

260 2501 435 2589 „opitumi“.
470 2511 531 2569 746
549 2531 594 2589 sq.
622 2512 715 2585 „Nam
732 2533 780 2571 res
796 2513 941 2592 plurimas
963 2513 1126 2590 pessumas,
1150 2531 1240 2587 quom
1262 2509 1386 2569 aduenit

257 2604 376 2692 tdlfert,
400 2631 475 2689 quas
497 2613 523 2671 si
545 2616 696 2674 autumem
719 2616 828 2690 omnis,
852 2617 939 2674 nhuis
961 2615 1068 2690 longus
1097 2610 1256 2674 sermoet“.
1299 2611 1383 2670 Poen.

257 2717 316 2774 221
342 2735 386 2792 aq.
421 2713 536 2789 „Binae,
566 2717 690 2792 singulis
718 2719 784 2794 quet
810 2717 890 2776 datae
918 2717 1004 2776 abbis
1033 2707 1170 2794 ancssilae,
1194 2735 1240 2801 eae¹
1258 2707 1382 2787 etc.“*).

254 2816 291 2875 In
312 2815 502 2891 liberioribus
526 2823 624 2876 autem
647 2822 767 2879 canticis
790 2821 880 2878 etiam
902 2819 1055 2878 breviores
1079 2818 1279 2894 oblongiores
1304 2817 1383 2875 eius·

256 2918 324 2978 dem
346 2924 399 2978 aut
422 2919 541 2994 cognati
562 2922 677 2998 generis
699 2942 802 2982 verene
826 2923 1075 2981 intermiscentur.

341 3022 514 3081 Hexametri
543 3022 694 3082 bacchiaci
722 3025 937 3084 continuantur
957 3023 1066 3101 Amph.
1091 3021 1152 3082 627
1175 3043 1242 3100 sqq.
1270 3052 1313 3062 -
1338 3020 1383 3079 Dc

255 3124 302 3182 hia
325 3122 462 3182 omnibus
483 3145 511 3184 v.
530 3124 656 3202 Seyffert
681 3127 735 3199 „de
752 3126 975 3186 bacchiacorum
996 3144 1137 3184 versuum
1153 3145 1212 3184 usu
1222 3119 1379 3184 Plautino“

255 3225 355 3286 Berol.
382 3227 472 3286 1864.

503 3395 554 3456 De
576 3397 748 3456 versibus
769 3399 874 3456 varie
898 3397 1128 3474 compositis.

340 3533 447 3593 Adhuc
470 3551 521 3592 eos
542 3552 646 3591 versus
667 3534 871 3608 tractavimus,
896 3535 947 3613 qui
970 3555 1007 3592 ex
1029 3534 1133 3593 eodem
1154 3532 1232 3609 pede
1253 3532 1381 3610 repetito

255 3641 308 3696 aut
330 3641 469 3696 constant
490 3641 543 3695 aut
566 3639 701 3694 constare
723 3635 873 3711 videntur,
897 3635 1051 3715 aequaliter
1068 3656 1163 3714 usque
1180 3635 1220 3694 ud
1237 3636 1380 3694 catalcxin

255 3743 308 3797 aut
329 3739 492 3798 clausulam
514 3737 720 3810 decurrentes,
744 3738 797 3796 sed
818 3741 850 3798 in
871 3738 1020 3798 Plautinis
1043 3739 1165 3799 canticis
1190 3739 1381 3796 inveniuntur

255 3841 347 3899 etiam
373 3859 478 3900 versus
505 3841 629 3899 liberius
664 3841 772 3899 structi
804 3843 956 3919 variisque
988 3841 1114 3920 pedibus
1148 3843 1319 3918 compositi,
1351 3841 1380 3896 in

255 3942 363 4020 quibus
383 3943 486 4019 potius
509 3943 665 4003 modorum
688 3945 872 4003 concinnitas
901 3964 990 4021 quam
1018 3963 1206 4004 numeromm
1230 3943 1380 4022 aequalitas

253 4043 402 4122 placuisse
424 4044 552 4111 videtur.

340 4145 436 4206 Huius
463 4147 583 4225 generis
611 4167 687 4208 unus
713 4169 818 4208 versus
842 4149 931 4208 etiarn
955 4151 1022 4206 κατὰ
1045 4151 1139 4220 στίχον
1161 4149 1300 4226 ponitur,
1324 4165 1379 4226 quo

280 4361 305 4430 *)
324 4361 411 4417 Plura
427 4361 482 4417 viat
503 4347 856 4433 causanctantae.
