2976 5056
627 499 788 556 uer—oc.
1211 507 1273 574 359

109 687 209 765 dum,
230 697 274 752 ut
289 694 427 773 plerique
444 695 574 756 editores
589 696 735 756 iecerunt.
746 726 791 736 -
802 698 853 755 79.
872 711 964 774 quoru
981 695 1062 774 quod
1077 697 1273 758 indicativum

111 791 183 851 sibi
210 795 367 874 adiungit,
391 818 419 856 v.
438 797 478 856 ad
494 798 602 876 Amph.
622 800 694 871 747,
717 798 755 857 ci.
773 799 854 858 inira
872 799 922 857 81.
949 800 1019 858 111.
1038 829 1081 840 -
1100 801 1149 859 80.
1173 795 1274 860 bonor

113 893 268 957 habetur
295 899 416 974 ingenio
445 901 523 972 eius,
552 901 599 959 cui
622 900 748 962 ceditur.
771 930 815 940 -
838 901 888 960 84.
912 895 1066 962 Sauream
1087 921 1190 962 versus
1212 922 1272 963 nou

114 1000 266 1075 patitur.
310 999 416 1060 Douza
441 1000 613 1075 „Saureao“
639 1003 730 1062 scribi
759 1002 893 1076 volebat,
923 1003 974 1061 sed
1002 1003 1153 1064 eGreeois
1181 1005 1271 1064 decli·

113 1102 227 1160 nandi
252 1103 357 1162 formis
373 1103 499 1165 Plautus
521 1105 699 1164 abstinuisse
721 1105 850 1164 videtur.
889 1104 974 1164 Koch
1000 1101 1131 1180 „uoxor“
1156 1106 1270 1181 scribit,

117 1203 160 1262 de
188 1225 261 1283 quo
282 1205 344 1264 vid.
368 1205 407 1264 ad
423 1207 532 1285 Amph.
554 1209 645 1266 1102.
679 1207 827 1266 Fleckeis.
854 1204 928 1280 ,nc“
954 1207 1047 1282 addit,
1070 1209 1159 1270 nimis
1181 1208 1270 1282 dure;

113 1305 251 1366 Muller
277 1305 432 1381 „domum“
465 1311 497 1368 in
525 1311 608 1368 exitu
629 1329 734 1368 versus
756 1309 901 1369 excidisse
923 1315 1027 1388 putat;
1049 1309 1151 1370 Gertz.
1173 1316 1271 1372 hens-

117 1410 285 1486 ponebat:
318 1431 414 1484 „uxor
442 1409 613 1471 Sauream“.
638 1442 681 1452 -
703 1406 834 1473 Dotatae
862 1431 980 1486 servus,
1010 1413 1063 1490 qui
1091 1413 1170 1473 dotis
1198 1433 1270 1491 pers

116 1517 185 1570 est.
226 1514 264 1572 In
287 1533 395 1592 magna
416 1533 449 1572 re
471 1514 612 1574 familiari
634 1515 711 1574 tales
733 1517 812 1574 servi
835 1533 914 1592 supe
937 1515 975 1574 cb
997 1535 1091 1575 uxore
1113 1516 1178 1574 sola
1198 1535 1271 1592 pen·

116 1611 258 1688 debant,
283 1635 337 1674 nec
359 1618 460 1675 meriti
483 1617 577 1676 ullum
595 1619 694 1677 ineos
712 1618 871 1695 imperium
890 1622 963 1676 erat.
998 1616 1077 1688 Quin
1096 1616 1156 1690 ,M.
1175 1613 1267 1676 Cate“

120 1721 164 1774 ut
192 1719 240 1777 ait
257 1716 373 1778 Gellius
391 1718 486 1792 XVII,
506 1721 533 1792 6,
555 1721 569 1779 1
598 1718 778 1793 „Voconiam
799 1719 894 1797 legem
917 1717 1046 1778 suadens
1067 1717 1167 1778 verbis
1189 1717 1271 1776 hisce

24 1871 34 1884 .
122 1837 206 1879 usus
236 1825 296 1880 est:
331 1820 482 1898 Principio
510 1822 596 1880 nobis
623 1822 731 1881 mulier
757 1841 894 1899 magnam
923 1821 1023 1881 dotem
1053 1821 1170 1892 attulit,
1204 1825 1270 1878 tum

125 1941 277 1998 magnum
304 1925 461 2000 pecuniam
488 1925 612 2002 recipit,
642 1943 733 2002 quam
760 1926 793 1982 in
820 1924 877 1982 viri
902 1928 1086 1999 potestatem
1114 1941 1174 1981 non
1200 1942 1269 1981 con·

126 2026 255 2100 mittat,
279 2045 345 2084 sem
367 2027 523 2102 pecuniam
543 2027 610 2084 viro
632 2031 767 2085 mutuom
790 2026 858 2099 det,
880 2031 994 2104 posteo,
1017 2023 1069 2084 ubi
1092 2027 1170 2084 irata
1192 2025 1271 2083 fecta

125 2135 192 2202 est,
215 2148 336 2188 scruom
358 2128 551 2206 recepticium
574 2130 680 2189 sectori
700 2133 791 2206 atque
807 2125 944 2204 flagitare
961 2129 1059 2187 virum
1076 2125 1190 2186 iubet“.
1221 2126 1270 2186 Ad

127 2251 225 2308 quem
253 2229 353 2290 locum
376 2229 490 2290 Gellius
513 2227 530 2305 ᾖ
553 2233 587 2290 8:
621 2233 761 2308 „recipit,
784 2229 841 2289 hoc
863 2236 909 2289 est
931 2226 1071 2290 retinet“.
1117 2228 1202 2289 (loni.
1225 2228 1267 2288 M.

127 2330 239 2392 Sencc.
254 2332 396 2392 Gontrov.
410 2332 474 2406 VII,
489 2330 589 2408 6191),
606 2335 637 2416 l:
665 2333 760 2405 „hehe
782 2352 862 2390 nunc
883 2333 928 2390 illi
949 2332 1100 2404 honorem,
1118 2331 1166 2390 foc
1184 2330 1268 2392 dote·

131 2433 202 2508 lem,
226 2437 290 2494 sine
313 2434 463 2500 dominam
483 2433 663 2495 custodiet“.
700 2434 906 2512 3:,„Eligitur
922 2437 1055 2508 meritus,
1075 2453 1163 2511 quem
1179 2453 1269 2493 senus

132 2544 222 2615 pater
245 2537 377 2596 dotalem
399 2534 561 2597 dedisset“.
596 2537 750 2596 Glsudien.
770 2539 801 2596 in
818 2536 946 2616 Eutrop.
963 2537 987 2611 1,
1009 2537 1082 2597 104:
1111 2536 1267 2610 „Dotelom

132 2645 260 2718 genero
279 2642 517 2716 nutritoremque
550 2639 657 2717 puella
686 2637 854 2699 Tradidit“.
885 2669 928 2680 -
957 2642 1007 2700 85.
1032 2636 1107 2718 quoi
1126 2633 1205 2716 plue
1231 2633 1269 2698 iu

130 2759 233 2804 manu
256 2739 307 2817 eit,
330 2744 350 2800 i.
374 2762 399 2800 e.
423 2743 454 2800 in
476 2745 635 2818 potestate,
660 2742 696 2802 of.
720 2741 828 2819 Amph.
855 2745 925 2802 560.
962 2743 1177 2803 Coniunctivus
1200 2760 1268 2800 con·

134 2845 236 2906 silium
264 2844 391 2918 indicet3
421 2865 459 2904 ne
487 2847 614 2904 maritus
641 2846 796 2922 pecuniam
830 2845 1069 2919 administraret,
1097 2865 1182 2904 auum
1211 2842 1268 2904 sibi

132 2967 255 3006 servum
284 2945 410 3006 adduxit
437 2947 685 3026 dispensatorem.
708 2977 751 2988 -
781 2949 830 3006 90.
854 2943 1028 3008 Maxumas
1054 2963 1158 3025 onyas
1186 2942 1267 3024 apio,

135 3050 274 3126 nugaris,
299 3049 381 3126 quod
402 3069 450 3108 me
471 3049 543 3122 tibi,
568 3051 620 3126 qui
641 3049 718 3108 nihil
745 3049 850 3123 habes,
873 3053 1032 3126 pecuniam
1054 3070 1109 3127 per
1130 3049 1267 3108 fraudem

134 3155 255 3231 cripere
277 3150 372 3223 iubes,
397 3155 483 3228 quasi
506 3171 552 3210 me
574 3151 654 3210 nudo
676 3153 853 3210 vestimenta
872 3153 1031 3212 detrahere
1049 3153 1163 3212 iubeas.
1197 3150 1269 3210 Haeo
1387 3227 1391 3232 ¹

136 3261 217 3314 recte
237 3259 269 3314 et
280 3254 419 3313 Plautino
443 3273 524 3312 more
547 3255 702 3328 dicuntur;
725 3255 778 3314 sed
799 3275 906 3332 parum
929 3259 999 3332 apte
1022 3255 1157 3331 proximo
1179 3271 1268 3312 versu

134 3353 206 3433 (92)
237 3377 316 3416 novo
347 3356 511 3417 similitudo
545 3357 687 3431 insertur,
726 3359 808 3431 ,sine
841 3359 947 3434 pennis
979 3353 1078 3429 uola“,
1112 3355 1268 3431 multoque

132 3463 226 3519 etiam
259 3459 392 3537 ineptius
424 3458 525 3518 verbis
562 3459 743 3532 ,Defrudem
771 3465 801 3518 te
830 3457 904 3536 ego“
940 3458 1044 3518 eadem
1077 3461 1267 3536 repetuntur,

132 3581 202 3640 quoe
225 3563 364 3638 proximo
386 3581 475 3620 versu
497 3562 647 3640 leguntur,
671 3581 763 3638 quare
785 3565 851 3622 iure
873 3561 952 3621 hunc
974 3579 1092 3622 versum
1116 3559 1270 3618 damnavit

135 3663 181 3724 Fl.
205 3693 249 3704 —
273 3665 323 3723 93.
351 3661 560 3736 ,defraudem“
581 3663 637 3738 Fl,
661 3670 696 3723 ut
716 3684 744 3722 v.
770 3666 809 3723 90
834 3670 864 3723 et
887 3667 937 3724 94.
971 3663 1085 3724 Ritsch.
1104 3661 1267 3739 inPererg.

134 3787 166 3844 p.
189 3768 249 3825 541
274 3765 401 3825 somnam
427 3763 620 3839 ,defrudem“
645 3766 740 3843 magis
762 3765 891 3843 probare
912 3765 1041 3839 videtur,
1066 3785 1156 3843 quam
1179 3766 1268 3823 etiam

134 3869 217 3927 Men.
242 3870 303 3928 679
328 3887 372 3946 sq.
404 3867 487 3927 codd.
517 3868 637 3927 hebent.
662 3897 706 3910 -·
734 3871 784 3928 95.
811 3864 879 3946 Qua
902 3868 1088 3946 ...polee,
1114 3869 1134 3926 i.
1159 3888 1184 3927 e.
1208 3887 1269 3945 qua

135 3973 262 4044 ratione,
286 3991 347 4048 qua
370 3970 419 4029 via
440 3976 539 4048 potes;
564 3971 600 4030 cf.
619 3969 705 4030 Ovid.
718 3971 809 4031 Trist.
826 3971 850 4046 I,
871 3974 898 4046 9,
919 3973 974 4032 65:
1001 3991 1079 4050 ,qua
1100 3976 1195 4049 potes,
1219 3991 1268 4030 ex·

135 4071 237 4134 ousa“.
282 4073 337 4146 Ill,
362 4075 391 4146 7,
417 4075 471 4131 54;
499 4071 624 4148 ,Effuge
645 4079 803 4149 venturos,
828 4095 888 4152 qus
908 4080 1007 4153 potes,
1031 4093 1127 4151 usque
1148 4071 1268 4151 rogos“.

137 4195 173 4235 ox
194 4176 281 4235 Pont.
305 4174 344 4248 H,
368 4176 398 4248 4,
424 4176 478 4234 34:
506 4195 584 4252 „que
605 4175 705 4236 licet“.
745 4177 819 4236 Met.
842 4176 895 4250 IX,
920 4179 996 4237 510:
1025 4197 1102 4254 ,qua
1123 4176 1168 4236 los
1191 4173 1268 4236 est“.

137 4279 225 4356 Verg.
238 4279 308 4338 AEn.
320 4277 374 4350 XI,
392 4279 469 4336 293:
492 4297 570 4354 ,qua
587 4276 707 4338 datur“.
739 4279 826 4352 Quod
843 4281 874 4338 in
892 4280 995 4340 cod.B
1013 4279 1135 4340 additur
1154 4276 1268 4353 ,arte“,

12 4367 13 4371 ¹
136 4379 225 4440 sesto
253 4384 376 4439 auctore
404 4379 551 4439 abiectum
576 4387 636 4456 est,
660 4384 713 4459 qui
734 4403 764 4461 p.
792 4384 851 4442 198
874 4402 978 4442 versus
1001 4384 1148 4443 95—100
1172 4381 1268 4456 effert,
