2960 5038
246 490 309 550 210
702 481 913 552 Prole'gomena

329 678 366 736 In
382 675 499 735 Latinis
516 676 639 735 vocibus
661 678 757 735 simile
780 675 922 754 quiddam
946 675 1062 748 accidit,
1086 675 1138 733 ubi
1160 673 1391 732 vocabulorum

246 781 390 858 stirpibus
417 781 449 836 in
477 784 690 839 consonantem
719 779 896 837 exeuntibus
922 779 1149 836 terminationes
1178 777 1348 834 adduntur
1371 761 1393 828 ’6

245 884 424 942 consonanti
446 883 632 960 incipienws.
676 880 754 941 Nam
776 901 842 957 quse
863 879 1007 954 iungendi
1035 899 1125 939 causa
1148 877 1301 937 addenda
1324 878 1394 934 erat

245 985 371 1058 vocalis,
407 1005 473 1042 eam
506 985 554 1042 661
586 985 719 1058 vulgaris
753 983 894 1059 loquendi
922 982 1106 1041 consuetudo
1134 980 1183 1040 661
1212 980 1393 1039 communis

246 1107 406 1146 consensus
427 1107 488 1146 non
509 1107 580 1144 raro
603 1089 732 1159 omittit,
754 1089 883 1146 maxime
910 1085 963 1143 nbi
989 1087 1070 1144 inter
1095 1089 1211 1144 mutam
1233 1089 1270 1142 et
1295 1082 1391 1158 liqui-

246 1191 315 1248 dam
342 1191 502 1247 interiecta
527 1193 583 1247 est.
628 1189 696 1248 Non
728 1209 889 1268 numquam
921 1207 992 1246 rara
1024 1190 1153 1264 vestigia
1186 1187 1274 1264 apud
1310 1185 1392 1242 anti·

246 1293 403 1368 quissimus
437 1295 574 1350 auctores
607 1297 726 1350 serrata
758 1296 828 1350 sunt
866 1291 939 1349 talis
977 1290 1095 1363 fornia,
1130 1309 1221 1367 qnam
1257 1287 1391 1346 exculta

244 1395 347 1470 lingna
369 1396 489 1452 omnino
511 1413 570 1452 non
593 1395 735 1468 agnoscit.
780 1394 829 1453 Sic
855 1390 1023 1466 „cauitnm“
1048 1412 1106 1470 pro
1129 1397 1252 1452 cautum
1282 1391 1392 1448 estin

245 1497 310 1574 lege
326 1496 438 1554 Thoria
456 1499 583 1572 agraria,
606 1493 821 1568 ,cauitionem“
844 1496 931 1554 affert
948 1495 1055 1554 Festus
1071 1517 1101 1573 p.
1116 1497 1166 1569 61,
1187 1495 1274 1572 6660
1293 1493 1389 1550 Plau·

245 1603 309 1658 tum
329 1605 429 1657 autem
440 1599 549 1676 Amph.
561 1601 601 1657 78
619 1619 684 1676 sqq.
707 1596 886 1671 ,fauitores“
907 1605 978 1657 sunt
993 1617 1050 1674 pro
1066 1597 1251 1670 fautoribus;
1275 1601 1390 1654 contra

245 1703 334 1779 vulgo
347 1705 479 1778 quastor
490 1701 644 1759 dicebatur
656 1721 712 1779 pro
730 1703 899 1779 quaesitore,
918 1706 1012 1760 nauta
1028 1721 1084 1778 pro
1097 1701 1209 1760 nauita.
1231 1698 1388 1758 Eiusdem

246 1807 363 1880 generis
385 1810 431 1864 est
451 1802 626 1881 „purigare“
646 1824 701 1882 pro
718 1822 858 1882 purgare,
876 1825 904 1862 v.
917 1804 1013 1862 Varro
1024 1803 1060 1862 R.
1072 1804 1108 1864 R.
1120 1803 1159 1876 Π,
1173 1804 1201 1875 4,
1217 1804 1267 1876 14,
1288 1819 1386 1877 qnam

245 1908 372 1968 formam
393 1907 503 1965 Plauto
526 1926 644 1984 quoque
665 1907 848 1967 reddendam
875 1913 976 1966 censet
998 1907 1179 1966 Ritschslius
1202 1904 1318 1982 Opnsc.
1343 1901 1383 1972 Π,

244 2030 275 2087 p.
299 2012 361 2068 430
384 2030 466 2086 sqq,
500 2007 666 2084 ,inrigare“
702 2030 758 2087 pro
787 2012 907 2085 iurgare
934 2009 1028 2069 Marc.
1053 2011 1128 2083 117,
1162 1999 1379 2084 ,obiurigare“

245 2113 327 2170 Trin.
352 2115 402 2185 ⁷0,
425 2132 454 2170 6.
476 2111 589 2170 Ritsch.
611 2111 631 2170 1.
654 2112 675 2170 1.
697 2132 728 2190 p.
752 2114 813 2172 426
837 2133 901 2190 sqq.
924 2143 969 2154 -
993 2108 1208 2190 ,discipulina“
1237 2113 1327 2168 extat
1350 2109 1383 2164 in

246 2214 331 2273 codd.
355 2215 444 2272 Most.
465 2216 525 2272 154
550 2215 674 2290 aliisque
697 2216 784 2288 locis,
807 2220 842 2274 ut
863 2217 955 2274 etiam
970 2215 1052 2274 Asin.
1072 2217 1134 2275 200
1156 2210 1382 2273 restituendum

244 2316 392 2376 videatur.
426 2317 527 2392 Atque
550 2319 640 2376 etiam
667 2316 872 2394 ,extempulo“
898 2323 983 2376 extat
1005 2320 1036 2376 in
1059 2317 1143 2376 codd.
1167 2316 1275 2376 Bacch.
1303 2314 1378 2373 961.

245 2418 317 2477 Gist.
342 2421 392 2478 98.
416 2420 488 2492 402,
511 2421 631 2478 restitui
653 2420 744 2478 debet
764 2421 833 2479 Aul.
858 2422 908 2479 93.
932 2421 997 2479 Mil.
1020 2422 1093 2480 463.

331 2519 367 2578 16
405 2520 526 2579 vocibus
564 2525 771 2582 terminatione
804 2517 869 2582 lum
903 2518 980 2596 (161,
1013 2517 1056 2596 la)
1089 2526 1159 2601 post
1191 2539 1207 2582 6
1238 2521 1378 2580 formatis

245 2627 372 2700 utraque
405 2623 501 2681 forma
535 2621 646 2697 (culum
676 2629 706 2683 61
733 2622 823 2698 clam)
857 2625 888 2683 in
921 2645 976 2683 usu
1010 2625 1082 2698 1611,
1115 2624 1169 2683 660
1194 2625 1377 2700 plerumque

245 2725 412 2802 pleniorem
443 2724 570 2785 formam
603 2727 710 2785 cultior
743 2729 855 2800 cretio,
884 2732 1077 2803 syncopatam
1110 2727 1242 2800 vulgaris
1276 2742 1376 2784 sermo

245 2829 342 2902 magis
363 2826 520 2904 probabat.
550 2828 631 2888 Nota
653 2835 723 2887 sunt
738 2830 877 2902 vinclum,
894 2830 1050 2906 periclum,
1069 2829 1197 2902 saeclum,
1215 2827 1374 2896 vehiclum,

246 2929 375 3008 poclum,
394 2929 534 3001 oraclum,
554 2930 622 3002 6116,
641 2950 707 3007 quoe
724 2937 754 2990 et
774 2933 853 3008 apud
870 2931 1009 2990 Plautum
1031 2937 1061 2990 et
1082 2931 1163 3008 apud
1184 2931 1258 2989 alios
1279 2931 1375 3007 scrip·

246 3037 329 3091 tores
351 3037 382 3091 61
403 3035 435 3090 16
455 3032 701 3109 inscriptionibus
723 3035 834 3110 passim
852 3035 1053 3094 inveniuntur.
1087 3034 1162 3092 Item
1181 3037 1251 3092 6616
1267 3031 1375 3092 suffixa

248 3134 286 3192 ab
303 3150 335 3194 m
354 3141 388 3194 'et
407 3150 431 3194 6
451 3135 625 3213 incipientia
641 3135 753 3194 6666116
769 3136 948 3196 intermedia
964 3143 995 3195 61
1010 3135 1081 3196 6001
1099 3142 1130 3195 61
1146 3137 1246 3194 omitti
1262 3139 1374 3214 potest,

247 3243 282 3297 61
301 3243 435 3313 tegmen,
463 3238 617 3312 balneum,
648 3239 762 3312 lamna,
793 3239 932 3312 domnue3
954 3235 1142 3314 maximeque
1164 3240 1196 3296 in
1218 3237 1373 3298 6016611616

246 3342 454 3402 terminatione
478 3337 538 3400 dus
559 3341 696 3400 formatis
718 3341 909 3401 antecedente
931 3340 1054 3418 liquida,
1077 3345 1112 3400 ut
1130 3340 1242 3413 caldus,
1261 3339 1373 3408 661066,

247 3443 377 3515 lardum,
400 3443 486 3503 66106
511 3439 623 3517 (valide
643 3443 735 3504 Mero.
761 3441 825 3518 51).
862 3445 931 3503 Alia
952 3445 1051 3503 minus
1073 3443 1164 3502 solita
1184 3446 1268 3514 sunt,
1290 3441 1374 3501 66161

251 3542 403 3623 ,postus“,
427 3545 510 3622 quod
532 3546 612 3625 apud
634 3545 805 3605 Lucretium
827 3551 923 3618 extat,
950 3543 1082 3620 ,merto“
1109 3541 1178 3622 (pro
1200 3540 1321 3617 meiito)
1342 3544 1373 3600 in
1464 3537 1465 3560 ¹

247 3648 505 3725 inscriptionibus3
531 3646 676 3727 „poplus“
697 3648 796 3708 Plaut.
812 3651 965 3709 161279.
988 3649 1078 3708 Most.
1094 3649 1143 3708 14.
1165 3647 1217 3706 Aa.
1234 3648 1269 3720 4,
1296 3666 1372 3719 „ma-

246 3748 405 3827 nuplares“
431 3755 514 3810 extat
534 3751 624 3810 Most.
649 3753 726 3824 306,
754 3752 972 3811 restituendum
993 3751 1060 3810 Mu
1084 3752 1160 3824 815,
1194 3742 1370 3823 ,avonclus“

247 3853 364 3930 legatur
385 3853 453 3912 Ani.
479 3855 551 3912 773.
576 3854 653 3927 676,
675 3848 805 3914 nidulus
827 3853 944 3912 abiecta
964 3853 1063 3912 media
1084 3852 1162 3912 Rud.
1183 3853 1254 3912 936.
1282 3851 1371 3911 1106.

247 3953 289 4013 Et
311 3954 391 4031 quod
423 3953 564 4031 ,pergo“,
597 3953 723 4031 ,66666ιι
754 3956 843 4034 vulgo
872 3957 982 4014 dicitur
1008 3956 1118 4014 omissa
1146 3957 1236 4014 etiam
1264 3953 1373 4013 radicis

246 4057 354 4129 vocali,
378 4057 561 4132 antiquiores
583 4078 644 4118 non
666 4059 761 4118 solum
788 4056 917 4136 ,66666ιι
943 4058 1092 4131 dicebant,
1110 4057 1271 4116 sedetiam
1291 4076 1372 4132 ,sur-

247 4154 316 4235 pio“
342 4177 398 4233 pro
421 4160 561 4237 surripio,
584 4167 619 4218 ut
634 4161 682 4220 661
699 4161 840 4220 Horatius
861 4160 921 4220 Sat.
939 4161 978 4233 Π,
998 4163 1025 4235 3,
1045 4161 1121 4232 263,
1149 4156 1304 4235 ,surpuit“
1329 4158 1371 4217 Pl.

248 4258 333 4338 0661.
352 4261 381 4334 6,
408 4258 566 4339 „surptus“
592 4261 673 4321 Pers.
694 4264 764 4322 151.
