2960 5038
584 507 615 560 v.
637 508 779 562 lor—109.
1185 513 1245 574 251

207 704 276 760 164.
304 696 461 779 opulento
478 697 599 762 6066161
620 699 770 774 seruitus,
793 705 813 762 i.
833 723 858 762 e.
882 723 948 781 qnae
972 703 1113 781 opulento
1136 703 1248 762 homini

113 807 261 878 servitur,
292 804 328 864 of.
352 804 428 864 Rud.
454 808 530 865 502:
568 805 665 879 „Quid
691 806 763 864 mihi
791 806 916 865 scelesto
944 805 1002 864 tibi
1034 811 1100 864 eret
1131 806 1248 866 auscul-

114 905 237 967 tatid?“
263 909 324 966 elia
345 907 424 966 inire
445 907 483 966 ad
505 927 532 966 v.
559 909 629 966 615.
675 908 835 968 Proximus
857 929 960 968 versus
984 908 1107 968 eandem
1129 914 1248 968 seuten-

114 1013 192 1070 tiam
225 1009 413 1089 planioribus
445 1011 545 1070 verbis
577 1011 709 1088 profert,
745 1031 837 1090 quare
865 1033 930 1070 oum
958 1011 1165 1072 Fleckeisenio
1192 1031 1248 1088 pro

116 1114 380 1173 circumlocutione
409 1115 513 1192 spuria
541 1113 707 1174 habuimus.
753 1115 903 1174 Audacius
932 1114 1011 1174 idem
1038 1135 1065 1174 v.
1090 1115 1119 1174 d.
1142 1119 1249 1192 666666

115 1219 148 1276 16
170 1217 277 1276 Annal.
301 1217 405 1294 philol.
430 1217 460 1291 G,
484 1237 514 1294 p.
539 1219 578 1277 76
602 1223 700 1276 totum
722 1219 819 1277 locum
841 1221 885 1276 sio
906 1217 1043 1276 refinxit:

204 1319 355 1398 06616666
377 1319 433 1379 666
455 1320 569 1380 homiui
590 1321 719 1379 seruitiis
742 1327 788 1380 666
811 1317 931 1396 [magis]
955 1321 1038 1392 dura,

205 1420 318 1497 [Quod]
342 1424 495 1500 ntctisqus
519 1422 642 1500 dirisque
665 1422 789 1482 adsiduo
813 1426 887 1482 satis
911 1424 1061 1502 superque
1083 1427 1138 1496 666,

204 1526 269 1598 Quo
291 1525 370 1584 16666
395 1529 447 1584 666
469 1524 572 1584 diottd
594 1531 639 1584 666
663 1509 746 1604 opus,
771 1528 891 1602 quietus
913 1527 950 1585 66
974 1528 1023 1586 sis.

120 1630 189 1687 166.
214 1625 359 1701 adsidue,
378 1647 502 1705 semper,
522 1629 558 1686 cf.
571 1629 657 1706 Cspt.
680 1630 755 1688 178:
782 1631 874 1702 „istoc
891 1649 937 1688 rue
955 1629 1080 1688 adsiduo
1097 1630 1180 1687 uictu
1197 1628 1248 1686 de·

118 1727 563 1791 leotodonri“.-167.odc8t
579 1747 659 1808 opus
675 1751 731 1808 pro
748 1738 812 1804 „est
830 1731 924 1810 opus“
945 1751 1030 1790 nemo
1040 1749 1183 1808 umquam
1195 1751 1249 1790 nso

117 1835 194 1893 dixit
216 1853 272 1894 neo
294 1834 393 1893 dicore
414 1835 523 1911 potuit.
557 1833 684 1894 Parcus:
709 1831 1247 1911 ,6166616666666“,6666161666.

116 1938 191 1996 Nor.
220 1935 344 1996 Excurs.
373 1956 402 2012 p.
432 1938 481 1994 59.
526 1935 649 1995 Rectius
677 1937 777 2013 Bergk
812 1933 963 2013 (Baitrtge
991 1955 1045 1994 nur
1071 1935 1123 1994 lat.
1147 1933 1198 1994 Gr.
1222 1935 1247 2008 1,

115 2061 145 2118 p.
172 2037 227 2114 68)
251 2045 282 2097 66
302 2039 429 2098 Miller:
465 2035 626 2099 antdicte
648 2035 758 2099 adeost
778 2055 866 2116 6663.
912 2039 979 2099 Non
1001 2039 1096 2116 solnrn
1118 2036 1248 2096 faciendi

117 2144 216 2220 operis
241 2161 339 2214 66666,
363 2141 416 2200 sed
439 2143 530 2200 etiam
553 2143 695 2201 audiendi
712 2163 802 2201 66666
819 2161 922 2202 servos
939 2147 1051 2220 praesto
1068 2159 1131 2199 osse
1148 2139 1247 2198 debet.

116 2246 256 2304 Ceterum
278 2247 404 2322 nequis
427 2244 645 2304 coniunctirum
668 2247 802 2321 requirat
826 2242 937 2322 („opus
959 2241 1045 2317 sit“)‚
1069 2243 1195 2302 Plautus
1217 2244 1248 2301 in

116 2349 179 2407 cius
202 2347 286 2406 modi
308 2348 464 2406 sententiis
487 2347 619 2406 relativis
637 2367 727 2424 quum
744 2349 921 2425 plerumque
938 2347 1127 2407 coniunctivo
1143 2349 1249 2404 utatur

116 2449 188 2525 (vid.
216 2450 316 2509 Holtu.
340 2450 460 2526 Syntax.
484 2451 650 2529 priscorum
672 2451 851 2527 scriptorum
874 2450 1053 2510 Latinorum
1075 2449 1113 2522 Π,
1137 2467 1166 2524 p.
1188 2448 1246 2506 188

116 2551 191 2632 66),
222 2559 286 2612 tum
313 2571 374 2611 non
401 2573 470 2610 raro
498 2551 693 2610 indicativum
721 2553 825 2626 habet,
855 2554 891 2613 cf.
915 2553 980 2612 Mil.
1008 2553 1103 2612 1006:
1142 2549 1248 2622 „homo

116 2655 278 2734 quidamst,
303 2657 355 2732 qui
376 2652 463 2713 soit“.
497 2654 605 2714 Pseud.
625 2655 702 2713 696:
730 2656 828 2727 „aliud
852 2663 960 2728 eutem,
985 2654 1066 2732 quod
1083 2652 1246 2731 cupiebam,

116 2757 275 2834 contigit“.
320 2757 427 2816 Bacch.
452 2758 507 2815 64:
546 2757 652 2830 „huius
680 2759 762 2817 modi
790 2761 820 2816 in
849 2759 1034 2836 palustrem,
1058 2757 1109 2816 ubi
1132 2757 1248 2814 damnis

117 2859 353 2921 desudasoitnr“.
388 2845 571 2918 Mersus:
600 2860 721 2938 „Apage
739 2863 826 2921 istius
844 2862 922 2922 modi
940 2862 1075 2934 salutem,
1095 2875 1164 2919 eum
1182 2879 1248 2918 cru·

117 2967 198 3023 ciatu
222 2983 288 3042 quoe
312 2961 464 3022 advenit“.
502 2964 587 3022 Asin.
615 2957 689 3022 174':
718 2985 801 3041 „quse
823 2965 903 3040 frugi
926 2985 989 3024 esse
1011 2961 1106 3022 uolt“.
1140 2961 1246 3021 Bacch.

118 3068 194 3125 467:
234 3087 329 3144 „quae
363 3063 532 3124 absorbet“.
588 3066 672 3125 Asin.
704 3069 780 3126 230:
822 3072 885 3140 „est
917 3068 998 3144 quod
1030 3065 1099 3124 volo
1133 3063 1246 3140 loqni“.

118 3170 225 3228 Pseud.
251 3171 328 3228 462:
367 3169 462 3242 „Sunt
490 3189 555 3245 quae
583 3175 613 3227 66
641 3170 778 3229 uolumus
800 3167 1001 3248 percontari“.
1047 3167 1114 3226 Ter.
1138 3166 1246 3226 Hesut.

119 3273 194 3330 936:
222 3271 305 3344 „Nisi
329 3272 479 3347 quidest,
503 3272 585 3348 quod
606 3273 702 3347 magis
719 3271 795 3332 vis“.
825 3271 932 3331 Pseud.
948 3273 1025 3330 392:
1053 3289 1172 3342 ,66666
1197 3271 1249 3346 qui

119 3381 240 3447 certost,
266 3373 369 3432 cedo“.
408 3375 477 3432 Alia
499 3375 774 3451 antiquissimorum
792 3377 972 3452 scriptorum
989 3371 1247 3448 exemplaAuten·

117 3476 195 3535 rioth
219 3477 323 3534 attulit
345 3478 377 3535 in
394 3476 500 3535 Annal.
523 3476 627 3554 661161.
641 3477 844 3556 8666166666.
863 3476 904 3535 VI
929 3473 1049 3550 (1872),
1072 3495 1101 3551 6.
1122 3476 1249 3534 282.—

122 3581 189 3637 168.
214 3573 319 3639 Dives
342 3575 456 3656 666666,
481 3581 532 3656 qui
555 3581 664 3638 multas
687 3601 794 3658 operas
811 3579 910 3651 66666,
927 3581 947 3636 1.
967 3597 991 3636 6.
1011 3596 1121 3637 servos.
1155 3577 1247 3636 Abla·

117 3684 194 3740 61666
218 3685 312 3758 66616
336 3681 415 3758 apud
437 3680 575 3740 Plautum
604 3703 664 3742 non
686 3684 822 3754 offendit,
847 3682 883 3741 cf.
908 3681 979 3740 Cist.
1004 3681 1058 3739 70:
1093 3699 1195 3753 „arnor
1217 3685 1248 3738 66

117 3785 204 3843 melle
228 3785 351 3842 6616116
374 3789 420 3842 est
437 3783 695 3844 fecundissimus“.
730 3784 818 3862 Epid.
838 3786 914 3843 297:
943 3803 1033 3854 „auro
1056 3782 1246 3861 opulentus“.

117 3887 208 3946 Mero.
235 3888 311 3946 866:
345 3887 522 3964 „splendore
550 3888 672 3965 plenum
696 3885 840 3946 oselum“.
886 3878 966 3944 Male
989 3886 1042 3943 alii
1064 3883 1170 3963 operis
1192 3907 1248 3964 pro

117 3992 255 4067 genetivo
272 3989 391 4062 habent,
409 3994 445 4048 ut
457 3988 591 4049 Gronov:
620 3993 690 4068 „qni
707 3991 834 4051 multum
853 3991 951 4065 operis
967 3989 1059 4047 66666
1079 3989 1246 4063 faciendi“;

117 4113 153 4151 66
176 4094 221 4150 1111
249 4093 371 4168 quidem
399 4083 495 4166 recte,
528 4097 579 4170 qui
612 4095 729 4170 „operis
758 4099 789 4152 ot
816 4092 928 4150 labon‘s
956 4091 1080 4169 666666ιζ
1111 4095 1246 4170 iungunt,

119 4215 177 4272 qua
204 4199 321 4254 ratione
349 4217 409 4256 vox
440 4195 560 4269 „diues“
591 4215 697 4272 parum
725 4203 797 4274 6666
824 4195 943 4272 pendet.
973 4223 1017 4236 -·-
1047 4197 1115 4254 169.
1145 4193 1247 4272 Quod·

120 4314 247 4374 cumque
271 4293 300 4357 6.
324 4296 441 4359 accidit
462 4294 576 4370 lubere,
599 4300 624 4357 si
644 4300 717 4376 quid
735 4299 844 4358 accidit
860 4304 894 4357 ut
911 4301 938 4356 ei
957 4297 1068 4356 lubeat.
1088 4328 1129 4338 -
1139 4313 1246 4373 posse,

120 4423 157 4460 sc.
176 4401 251 4460 fiori.
276 4401 523 4461 01066163176
551 4401 637 4472 „Nou
658 4402 756 4460 herolo
780 4404 886 4479 opinor
907 4398 1025 4479 posse“.
1060 4399 1248 4478 Frequenter
