2956 5018
1463 211 1464 256 i

107 501 292 570 narr-qs
587 502 722 558 Asinaria
1157 509 1216 570 101
1356 561 1366 578 ,

1463 631 1464 686 t

552 691 758 758 Mercator

380 799 498 868 Asinos
519 799 670 866 uendidit
690 799 823 866 Pellaeo
846 801 1022 867 mercatori

97 907 246 974 Mercatc.

566 1015 742 1082 Libanus

169 1122 254 1206 Scio;
266 1131 302 1189 tn
313 1123 350 1189 id
360 1145 448 1190 nunc
458 1121 583 1190 refers?
607 1123 675 1189 Iam
686 1123 741 1189 bic
753 1125 852 1192 credo
864 1147 938 1190 eum
950 1124 1149 1191 adiuturum.
1167 1135 1220 1189 395

552 1231 759 1298 Mercator

98 1339 165 1418 Qua
183 1340 267 1406 facie
289 1347 404 1406 noster
426 1341 606 1407 Sauresst?
627 1375 672 1386 -·
694 1339 729 1406 Si
751 1341 779 1406 is
802 1347 867 1422 est,
894 1342 961 1406 iam
982 1342 1068 1408 scire
1090 1349 1217 1428 potero.

564 1447 742 1514 Libanus

96 1557 275 1625 Macilentis
298 1555 402 1636 malis,
423 1556 560 1637 rufulus,
583 1557 790 1642 aliquantum
811 1558 1007 1638 uentriosus,

96 1665 296 1732 Truculentis
319 1665 433 1746 oculis,
458 1664 630 1731 commoda
651 1671 788 1746 statura,
811 1665 901 1732 tristi
922 1664 1042 1732 fronte.

425 1807 439 1834 .
553 1773 758 1840 Mercator
1077 1847 1080 1854 ¹

95 1881 163 1947 Nou
183 1883 292 1965 potuit
313 1883 421 1966 pictor
442 1882 565 1948 rectius
587 1882 774 1949 describere
797 1882 868 1948 eius
889 1880 1038 1947 formam.

95 1989 196 2075 Atque
228 1990 341 2056 hercle
374 1991 483 2074 ipsum
514 1987 598 2056 adeo
632 1998 785 2072 contuor;
823 1991 994 2076 quassanti
1028 1990 1137 2074 capite
1170 1990 1218 2054 in·

809 2097 910 2178 cedit3
1167 2097 1220 2150 400

97 2204 233 2292 Quisque
256 2205 391 2271 obuiam
410 2205 488 2272 huic
511 2207 689 2272 occesserit
709 2208 807 2288 irato,
831 2203 1013 2291 uapuiabit.

97 2311 128 2378 Si
148 2313 280 2400 quidem
301 2314 413 2380 hercle
429 2314 617 2380 Aeacidinis
638 2315 735 2380 minis
755 2315 937 2401 animisque
955 2312 1105 2399 expletus
1123 2312 1218 2394 cedit,

97 2419 127 2487 si
146 2423 221 2488 med
240 2422 347 2489 iratus
369 2423 527 2508 tetigerit,
549 2423 653 2489 iratus
677 2422 859 2508 uapulabit.

172 2807 364 2875 LEONIDA
406 2808 601 2890 LIBANUS‚
623 2808 762 2876 SERUI.
799 2806 1136 2874 cHLAMYDATUS.

568 2962 745 3028 Leonida

99 3069 176 3150 Quid
197 3071 261 3136 boo
284 3074 334 3136 est
355 3050 475 3154 negoti,
497 3073 664 3154 neminem·
682 3091 791 3136 meum
813 3069 937 3136 dictum
959 3069 1220 3154 magnifacere?

98 3177 253 3244 Libanum
275 3178 309 3242 in
331 3178 528 3243 tonstrinam
549 3179 707 3244 iusseram
730 3179 855 3258 uenire,
875 3179 902 3243 is
919 3177 1028 3242 nullus
1044 3177 1145 3243 uenit.
1168 3187 1221 3239 405
1274 3173 1276 3178 ’

98 3287 141 3352 Ne
161 3287 217 3352 ille
241 3285 358 3369 edepol
378 3293 473 3370 tergo
496 3292 531 3352 et
553 3287 702 3351 cruribus
725 3285 890 3351 consuluit
911 3285 1002 3350 haud
1024 3286 1153 3353 decore.

556 3393 760 3460 Mercator

99 3502 192 3568 Nimis
214 3501 423 3587 inperiosust.

567 3609 745 3674 Libanus
779 3590 785 3601 ⁹

324 3789 327 3798 ⁴
430 3715 502 3783 Uae
524 3717 605 3782 mihi
627 3717 736 3783 bodie.

566 3824 745 3891 Leonida

742 3932 878 3999 Saluere
899 3933 979 3998 iussi

103 4039 252 4109 Libanum
274 4039 452 4107 libertum?
473 4041 544 4107 Iam
566 4063 666 4107 manu
689 4039 873 4108 emissus's?

161 4299 211 4352 400
228 4299 380 4366 qnansanti
452 4299 502 4351 401
520 4297 576 4351 hnc
649 4299 702 4354 402
719 4295 874 4352 eaohidiuis
926 4297 1062 4365 animusq.
1115 4295 1222 4350 incedit

105 4382 147 4435 403
163 4381 237 4436 Simo
280 4384 332 4436 404
347 4381 436 4450 QUID
450 4375 580 4436 HOSSIT
593 4383 705 4451 negocii
749 4385 800 4436 405
814 4389 845 4437 nt
858 4383 994 4456 iusseram
1035 4383 1088 4438 408
1105 4382 1222 4438 emissus
