2992 5054
154 2315 350 2428 Multorum
372 2379 533 2422 annorum
556 2378 639 2442 opus
661 2356 791 2422 iudiciis
814 2356 956 2422 virorum
981 2357 1151 2423 doctorum
1180 2358 1281 2422 subii-

153 2517 226 2562 oere
244 2494 450 2579 aggredienti
464 2494 568 2560 Tuum
588 2499 664 2560 ante
682 2495 791 2560 omnia
808 2515 926 2560 nomen
943 2494 1176 2578 praefigendum
1192 2495 1281 2560 vide-

139 2631 264 2728 ·bnturr
282 2653 348 2714 qua
369 2653 405 2696 re
429 2652 531 2716 quum
547 2630 622 2696 Tibi
644 2630 792 2696 debitum
814 2629 970 2696 honorem
992 2638 1193 2716 praestarem,
1210 2639 1281 2698 tum

152 2769 231 2834 mihi
254 2789 386 2853 quoque
409 2767 549 2834 subsidii
567 2766 694 2852 aliquid
712 2789 830 2852 parare
846 2768 989 2836 videbar.
1024 2769 1107 2834 Nem
1129 2768 1164 2833 in
1186 2768 1280 2834 euius

151 2905 249 2972 fidem
272 2913 306 2970 et
327 2906 468 2972 tutelam
490 2907 599 2990 potius
623 2903 833 2988 confugerem
856 2926 956 2991 quam
978 2907 1013 2972 in
1031 2906 1144 2986 Tuam,
1168 2908 1229 2986 oui,
1253 2906 1282 2972 si

151 3042 230 3125 quid
258 3043 292 3108 in
320 3041 372 3108 his
400 3041 522 3116 litteris
550 3005 722 3108 essecutus
746 3064 834 3123 sum,
859 3045 915 3108 uni
939 3043 1058 3124 debeo,
1082 3044 1140 3128 qui
1162 3043 1239 3108 inde
1261 3065 1282 3108 a

150 3179 265 3263 primis
288 3140 397 3260 annis,
421 3177 540 3263 quibus
562 3177 633 3244 hese
655 3179 766 3244 studia
788 3179 899 3262 attigi,
921 3186 1059 3270 paterno
1089 3201 1140 3244 me
1169 3201 1281 3246 amore

151 3317 321 3401 amplexus
351 3338 386 3382 os
414 3336 609 3400 semperque
641 3315 792 3382 laborum
825 3337 972 3382 meorum
1007 3323 1040 3382 et
1066 3315 1219 3382 hortator
1248 3323 1282 3382 et

150 3422 439 3521 eorreotor'fuisti
467 3453 516 3520 ite
545 3475 691 3535 severus,
714 3460 751 3520 ut
773 3455 917 3520 animum
939 3475 1004 3520 non
1027 3453 1209 3537 frangeres,
1233 3453 1281 3520 ite

149 3589 241 3672 lenis,
264 3598 302 3657 ut
324 3592 410 3658 vitiis
433 3613 500 3658 non
522 3591 718 3674 indulgeres.
765 3591 873 3670 Quare
895 3590 994 3657 huius
1017 3613 1148 3676 quoque
1172 3591 1280 3675 operis

150 3727 254 3794 Tuum
282 3729 439 3794 iudicium
468 3735 603 3812 expecto
635 3734 668 3793 et
689 3749 787 3811 greve
810 3735 844 3794 et
866 3748 1002 3812 eequum.
1047 3727 1096 3792 Tu
1119 3749 1171 3792 me
1193 3729 1280 3793 nosti

149 3887 214 3931 non
236 3871 359 3932 temere
376 3865 438 3932 hoo
464 3886 547 3950 opus
570 3885 760 3949 aggressum
778 3887 849 3932 esse
865 3887 926 3930 nee
943 3865 1161 3932 contentionis
1179 3886 1281 3930 eausa

149 4003 287 4068 eliorum
311 4003 482 4070 sententiis
506 4003 730 4082 adversatum,
753 4003 827 4084 sed,
851 4003 928 4086 quie
956 4005 1122 4088 egregium
1148 4008 1280 4086 poetam

149 4140 354 4224 eundemque
387 4140 555 4206 hodierne
589 4139 756 4205 comoediae
790 4146 961 4223 parentem
993 4163 1033 4206 ex
1063 4141 1171 4206 animo
1206 4138 1279 4204 dili-

148 4297 273 4360 gerem,
296 4277 332 4344 id
353 4277 534 4359 studuisse,
556 4283 595 4343 ut
622 4279 731 4343 oratio
759 4279 828 4344 eius
857 4300 956 4363 quarn
984 4277 1123 4342 maxime
1149 4276 1280 4359 integro

148 4413 296 4497 prodiret
329 4421 362 4481 et
395 4437 416 4482 a
449 4415 605 4484 studiosis
638 4416 820 4482 litterarum
856 4415 993 4498 intelligi
1027 4418 1150 4498 posset.
1204 4411 1280 4477 Non
