2968 5030
597 459 629 514 v.
647 460 791 516 555-555.
1194 463 1258 532 aer

133 657 169 713 97
186 675 245 732 sq.:
273 653 381 731 „Salve
403 662 548 714 aeternum
570 655 652 727 mihi,
676 673 813 714 maxume
830 653 921 726 Pelle,
941 659 1143 730 5555555555
1160 650 1257 714 vsle“.

136 787 170 798 -
191 751 290 832 offere
311 757 351 829 Β,
381 757 448 816 edd.
478 759 540 818 1555
562 779 598 816 ex
621 758 688 816 aliis
710 756 795 816 codd.
822 751 976 830 ,adfers“;
1006 755 1060 816 sed
1086 756 1164 815 illud
1189 775 1258 835 pro-

130 860 198 918 bum
221 866 285 932 est,
310 859 347 918 cf.
371 859 468 920 (lstul.
493 863 548 934 64,
573 862 650 920 247:
684 859 833 932 „Theseus
856 859 973 936 quelsm
997 857 1124 918 Minoidi
1145 858 1258 918 luctum

130 959 312 1021 obtulerst“.
347 962 406 1022 Gic.
430 962 517 1022 Rosc.
539 963 605 1022 Am.
633 965 686 1035 13,
712 964 766 1024 37:
794 964 865 1040 „qui
886 969 1014 1021 mortem
1038 961 1182 1022 obtulerit
1203 981 1257 1040 pe·

128 1061 238 1124 renti“.
262 1095 306 1106 —-
331 1066 401 1124 587.
424 1079 620 1140 5055555555,
644 1084 703 1142 quo
725 1064 801 1124 nihil
830 1065 959 1142 emplius
981 1063 1099 1124 dicture
1121 1070 1180 1137 est;
1203 1085 1258 1124 nos

126 1188 299 1246 supremum
321 1167 444 1227 verbnm
466 1167 629 1226 diceremus
648 1171 700 1226 sut
720 1165 941 1240 ,ultimstum“.
972 1167 1128 1226 Turnebus
1150 1183 1257 1244 555555·

126 1285 210 1330 mam
232 1270 418 1349 postulabat,
442 1291 482 1329 sc.
506 1270 620 1342 horem,
644 1269 710 1329 coll.
730 1268 816 1328 1555.
837 1269 872 1328 L.
891 1269 993 1343 LVI,
1013 1273 1041 1328 5.
1064 1269 1140 1330 Ρ115.
1162 1271 1201 1330 H.
1220 1270 1257 1328 N.

126 1373 190 1447 VII,
217 1376 268 1446 60,
294 1375 365 1432 212.
400 1371 551 1432 05555515.
571 1375 621 1444 24,
642 1375 669 1431 3.
703 1371 770 1430 Non
793 1391 879 1449 opus,
903 1373 1039 1449 quemvis
1058 1376 1259 1432 assentiantur

32 1541 33 1552 ,
125 1474 259 1535 Gronov.
277 1475 365 1534 Both.
383 1473 429 1532 Fl.
447 1505 490 1514 —
508 1475 561 1534 555
578 1481 648 1534 ente
660 1473 797 1533 dieresin
808 1473 899 1532 iambi
915 1476 1009 1534 vicem
1026 1481 1116 1548 tenet,
1135 1476 1257 1536 55627.

126 1580 205 1652 657,
223 1578 270 1636 Fl.
288 1576 516 1653 trenepouebst:
539 1583 611 1650 „tus
627 1573 732 1636 mihi“.
750 1569 799 1616 -’
812 1577 883 1636 588.
901 1571 1057 1636 Acerbum
1072 1575 1181 1656 funus,
1198 1580 1218 1636 i.
1232 1599 1257 1638 e.

125 1682 329 1752 immaturum,
348 1679 384 1737 51.
397 1680 485 1756 Verg.
498 1679 568 1738 AEn.
583 1679 630 1751 VI,
644 1681 722 1738 429:
744 1679 867 1753 „funere
878 1681 981 1738 mersit
993 1676 1131 1740 scerbo“.
1155 1679 1215 1740 Cio.
1228 1699 1257 1757 p.

125 1783 216 1842 domo
231 1783 280 1855 16,
293 1783 344 1840 42.
357 1811 398 1822 -
413 1784 483 1842 590.
501 1781 568 1841 1155
585 1797 667 1856 mox,
685 1779 767 1857 quod
783 1780 869 1840 codd.
882 1781 1026 1858 prebent,
1045 1782 1099 1842 sed
1111 1797 1176 1843 nox
1187 1785 1259 1842 scri-

123 1885 260 1944 bendum
277 1903 340 1942 esse
352 1885 472 1962 Lipsius
490 1885 648 1954 intellexit,
670 1885 708 1958 „i.
721 1903 747 1942 e.
765 1889 870 1956 noctu,
888 1904 956 1942 nem
975 1883 1193 1944 adulescentem
1204 1885 1258 1944 sli-

125 1987 200 2065 quid
213 1987 251 2046 de
262 1993 348 2046 nocte
358 1986 467 2046 dixisse
480 1993 608 2065 5555555
619 2007 655 2045 ex
667 1988 805 2063 sequenti
815 1983 935 2046 versu“.
948 1986 1079 2046 Extebst
1088 1987 1151 2048 haec
1162 1989 1260 2048 forme

123 2093 156 2149 in
179 2089 240 2149 XII
263 2089 372 2149 Tubu:
400 2091 444 2162 „si
466 2109 526 2150 nox
549 2089 662 2148 furtum
685 2083 793 2147 sexsit“
821 2085 870 2161 (cf.
894 2087 971 2148 Gell.
995 2089 1080 2160 VIII,
1106 2086 1153 2162 1),
1178 2090 1259 2168 spud

123 2193 272 2252 Ennium:
300 2194 343 2266 ,51
365 2192 434 2264 1551,
458 2193 482 2251 51
505 2189 582 2250 nox“
610 2191 652 2266 (v.
671 2192 813 2252 Priscian.
825 2190 875 2264 vl,
895 2193 944 2264 93,
962 2211 991 2268 p.
1011 2194 1072 2251 278
1091 2190 1153 2265 Η.),
1177 2192 1259 2271 apud

123 2295 276 2354 Lucilium
304 2291 375 2368 (III,
399 2316 426 2353 v.
451 2291 520 2368 22);
558 2295 646 2370 „hinc
674 2293 773 2354 medis
800 2295 889 2352 remis
911 2293 1084 2352 Palinurum
1112 2297 1258 2373 pervenio

124 2393 219 2456 uox“.
264 2395 380 2474 Ssepius
409 2399 561 2456 iuvenitur
591 2393 755 2476 „pernox“.
777 2427 821 2440 -··
850 2398 921 2455 591.
945 2391 1053 2474 larque
1082 2411 1190 2472 opera,
1220 2399 1257 2457 cf.

123 2499 236 2578 Amph.
258 2501 327 2559 168.
352 2529 393 2540 -
415 2501 532 2559 1555155
554 2501 662 2560 irridet
683 2521 786 2560 servus
808 2500 913 2559 herum
935 2505 1110 2558 nocturnum
1136 2520 1258 2577 operum

121 2604 368 2682 promittentem,
391 2604 483 2679 ·qussi
511 2602 643 2662 interdiu
675 2603 815 2680 gravibus
847 2603 975 2677 negotiis
1008 2610 1171 2681 occupatus
1203 2609 1257 2678 sit,

124 2706 242 2765 55111555
264 2705 404 2764 Solonem
432 2725 496 2764 5555
525 2705 674 2782 quendem
703 2705 784 2780 leges
811 2705 924 2783 populo
953 2705 1141 2766 scribentem.
1187 2708 1258 2768 Gor·

126 2814 249 2885 ruptum
273 2808 406 2867 codicum
425 2809 603 2885 scripturam
625 2809 677 2868 5111
694 2809 784 2867 511555
800 2815 1007 2881 correxerunt,
1031 2809 1135 2869 Both:
1162 2832 1259 2885 ,nunc

127 2914 206 2970 enim
235 2911 382 2970 interdius
409 2915 582 2988 negotiosus
610 2917 656 2968 est
685 2909 841 2984 (uidelicet
862 2909 1050 2985 Solonem)“;
1072 2911 1134 2972 Fl.:
1161 2935 1259 2988 „nunc

127 3016 206 3074 enim
229 3007 280 3072 le'c
302 3019 348 3071 est
370 3012 521 3074 Interdius
543 3015 730 3087 negotIosns:
758 3013 819 3072 uid.
843 3010 892 3072 S.“
939 3013 1057 3091 Optime
1079 3015 1190 3074 Miiller
1213 3016 1257 3075 Pl.

126 3116 175 3177 Pr.
199 3137 229 3195 p.
255 3117 331 3175 28οε
358 3135 455 3188 ,5555
478 3117 557 3174 enim
580 3135 644 3174 esse
661 3115 854 3193 Negotiosum
877 3117 1024 3176 interdius
1045 3117 1186 3176 uidelicet
1204 3118 1257 3178 So-

126 3215 256 3278 lonem“.
307 3213 468 3278 Interdicis
502 3222 587 3276 extet
620 3220 710 3276 etism
737 3218 914 3278 5515172.
948 3219 1033 3297 0555.
1060 3221 1131 3278 723.
1166 3221 1257 3282 Most.

127 3323 200 3381 436.
235 3321 344 3381 Pseud.
370 3322 467 3393 1296,
502 3316 574 3380 clius·
604 3327 701 3380 sutem
728 3319 820 3378 Mero.
847 3324 924 3382 85οε
961 3341 1075 3400 „neque
1109 3324 1258 3400 quiescam

127 3445 252 3501 usquein
274 3429 364 3483 noctu
386 3443 483 3501 neque
507 3421 604 3482 dius“.
649 3417 808 3498 uidelicet,
837 3426 857 3483 i.
881 3445 906 3482 5.
929 3425 1033 3484 videre
1053 3424 1139 3498 licet,
1169 3433 1258 3503 putes

126 3534 157 3587 55
179 3527 290 3586 videre.
324 3527 369 3585 115
386 3527 505 3586 55155515
523 3527 725 3586 accusativum
743 3545 811 3584 cum
827 3525 976 3586 infinitivo
993 3527 1166 3586 adiunctum
1185 3548 1256 3601 esse,

126 3631 164 3689 cl.
189 3629 281 3688 Stich.
308 3633 383 3690 555:
420 3629 589 3704 „Uidelicet
617 3647 742 3706 percum
770 3629 854 3688 illum
881 3629 973 3688 fnisse
1002 3627 1132 3689 senem“.
1179 3633 1255 3689 557:

129 3731 299 3808 ,Uidelicet
327 3751 388 3791 non
416 3733 508 3791 fnisse
535 3733 619 3790 illum
647 3751 764 3807 equom
792 3729 1043 3792 adulescentem“.
1088 3733 1209 3792 Lueret.
1232 3733 1256 3804 I,

128 3837 204 3894 210:
232 3833 325 3909 „Esse
347 3835 488 3894 videlicet
509 3837 541 3894 in
563 3837 653 3892 terris
675 3835 841 3914 primordie
863 3833 995 3894 rerum“.
1035 3834 1079 3894 cf.
1105 3832 1254 3910 „scilieet“

126 3938 205 4008 15155
227 3939 299 3997 780.
328 3967 369 3976 -
400 3939 470 3996 593.
493 3953 618 4015 petrae,
648 3939 667 3995 i.
691 3957 716 3996 5.
745 3957 844 4015 nugs,
872 3941 908 3996 ut
935 3937 1113 3997 5151155155
1140 3958 1169 4015 5.
1198 3941 1256 4000 118
1324 3991 1328 4006 ,

127 4043 155 4101 h.
174 4043 194 4100 1.
219 4041 327 4113 511555,
352 4039 495 4118 51115151.
515 4042 587 4100 230.
611 4040 690 4100 Poen.
710 4041 783 4099 137:
811 4058 936 4115 „gerrae
959 4060 1127 4117 germanae,
1151 4042 1258 4120 edepol

126 4150 212 4222 115555,
234 4147 308 4220 lippet
331 4139 437 4202 mel'i“.
472 4143 554 4202 Trin.
579 4144 651 4203 760.
674 4173 717 4184 -
741 4144 812 4202 596.
836 4138 962 4219 dicessit,
985 4146 1005 4202 i.
1024 4164 1049 4202 5.
1073 4144 1201 4217 licuerit,
1224 4151 1258 4204 ul:
1386 4137 1389 4142 ,

126 4247 261 4306 habessit
292 4246 444 4319 hebuerit,
479 4246 516 4306 de
550 4266 610 4324 quo
638 4246 699 4305 vid.
722 4244 853 4324 Medvig.
878 4246 986 4325 Opusc.
1010 4247 1053 4319 II,
1076 4269 1106 4326 p.
1131 4249 1180 4306 65.
1214 4277 1258 4289 --

129 4351 200 4409 597.
224 4345 364 4409 minatur
385 4363 454 4408 sese
477 4343 577 4422 ubire,·
604 4367 733 4425 55555555
757 4345 924 4420 infinitivus
946 4369 1001 4427 pro
1023 4349 1126 4410 futuro
1148 4353 1179 4410 in
1202 4351 1258 4411 hoc
