2960 5038
584 500 617 554 V·
635 502 778 556 tlt-469.
1184 507 1247 570 272

85 719 135 730 -
152 691 241 752 458.
263 693 332 753 Hoc
349 693 478 772 quidem,
500 699 535 754 ut
557 695 699 755 seherus
722 714 782 754 nou
802 700 954 770 agnoscat,
977 700 1084 772 optare
1105 715 1136 756 se
1160 695 1247 770 dicit3

86 792 134 850 ita
159 795 257 852 mim
282 796 412 856 liberum
434 796 507 855 fore.
551 796 663 856 Notum
691 803 738 856 est
766 817 881 870 servos,
911 817 1002 874 quum
1030 816 1121 857 manu
1148 799 1248 858 mitte·

84 901 222 970 rentur,
252 903 291 956 nt
312 897 439 957 liberum
463 905 553 978 caput
576 901 607 958 in
624 907 778 978 posterum
794 900 981 976 preferrent,
1000 900 1248 962 crinemcrinem

85 995 291 1073 deposuisse
313 1019 472 1079 rasumque
495 1007 598 1080 caput,
617 1002 712 1062 donec
730 1003 894 1062 crevissent
909 1001 1021 1080 capilli,
1036 1001 1117 1078 pileo
1126 1004 1247 1062 texisse.

84 1097 238 1160 versum
268 1101 394 1162 landant
421 1109 452 1162 et
478 1104 631 1181 explicant
658 1109 690 1162 et
712 1102 832 1164 Servius
860 1103 899 1163 sd
920 1103 990 1163 AEn.
1014 1102 1100 1178 vm,
1126 1105 1187 1164 564
1217 1111 1249 1166 et

84 1199 225 1262 Nouius
253 1223 283 1282 p.
303 1205 375 1264 528.
409 1203 544 1283 Uterque
567 1225 633 1264 cum
651 1205 738 1266 codd.
755 1205 906 1264 Plautinis
929 1205 1079 1266 consentit
1099 1207 1131 1266 in
1153 1210 1247 1285 scrip·

85 1308 171 1364 tura
205 1299 257 1369 Ut
279 1322 335 1384 39⁰
356 1301 456 1382 bodie,
479 1327 545 1368 oum
568 1308 662 1368 hiatu.
707 1305 831 1385 Lingius
853 1307 998 1367 malebat:
1024 1307 1097 1382 „Uti
1118 1327 1175 1385 ego
1196 1308 1245 1370 h.“

87 1425 167 1466 curu
199 1409 296 1468 hiatu
324 1415 395 1488 post
425 1408 521 1483 „uti“,
545 1409 710 1470 Cameren:
737 1409 803 1482 „hio
825 1407 952 1483 hodie“;
981 1409 1017 1470 B.
1040 1415 1071 1470 et
1093 1409 1139 1472 m.
1161 1413 1247 1490 pref.

87 1527 123 1585 p.
149 1509 269 1570 XVII:
304 1511 366 1585 „Ut
392 1531 447 1588 ego
476 1532 544 1572 raso
568 1513 665 1590 capite
687 1511 786 1570 oaluos
807 1511 898 1571 bodie
920 1533 944 1571 c.
968 1509 1036 1591 p.“;
1059 1513 1096 1574 R.
1118 1515 1151 1572 in
1171 1513 1248 1575 Nor.

88 1607 176 1670 Exc.
217 1611 395 1686 „hocedie“.
445 1613 478 1674 Si
505 1615 606 1674 hiatus
633 1613 831 1675 removendus
859 1619 919 1686 est,
949 1633 1003 1692 ego
1035 1614 1108 1687 „hoc
1137 1613 1245 1676 hodie“

91 1715 286 1792 scripserim
319 1721 446 1794 propter
477 1717 604 1793 proximi
636 1735 742 1776 versus
775 1717 937 1788 rationem,
972 1716 1025 1775 uhi
1057 1709 1150 1776 bodie
1178 1723 1250 1795 post

99 1815 209 1887 „hoo“
238 1838 277 1878 ex
298 1817 328 1878 h.
353 1837 380 1876 v.
404 1819 561 1897 irrepsisse
584 1816 722 1878 Lindum.
744 1818 830 1880 vidit.

201 2125 370 2203 Postquam
398 2124 473 2184 abiit
501 2124 598 2198 Sosia,
632 2126 800 2186 Mercurius
833 2124 950 2184 abiecto
984 2124 1120 2199 graviore
1153 2132 1249 2184 metro

102 2229 244 2288 senariis
260 2227 396 2286 versibus
413 2247 512 2288 secum
529 2228 703 2306 colloquens
721 2228 850 2299 letatur,
868 2225 949 2304 quod
966 2224 1083 2286 Sosiam
1102 2225 1247 2303 abegerit,

103 2334 139 2388 et
166 2350 239 2409 qum
261 2329 371 2388 deinde
392 2329 497 2388 futura
518 2309 589 2390 sunt
610 2330 757 2409 praedicit.
802 2329 889 2388 Talia
909 2328 1027 2407 prologi
1049 2347 1114 2388 esse
1136 2329 1248 2403 solent3

105 2431 167 2490 sed
187 2432 334 2494 fecithoc
351 2432 504 2492 interdum
520 2431 656 2506 Plautus,
679 2437 714 2492 ut
735 2451 796 2491 uon
817 2433 849 2490 in
871 2433 938 2510 ipso
959 2430 1069 2489 fabuler
1091 2432 1248 2510 principio,

106 2534 167 2593 sed
189 2539 262 2612 post
283 2535 410 2611 primam
438 2554 570 2606 scenam,
600 2535 743 2612 spectatis
769 2535 830 2592 iam
856 2533 1017 2611 precipuis
1044 2532 1154 2593 sehale
1181 2555 1249 2613 per

109 2637 211 2708 sonis,
245 2637 339 2696 totius
373 2638 544 2712 argumenti
572 2638 717 2696 rationem
747 2634 966 2713 spectatoribus
995 2640 1127 2709 enemet,
1155 2643 1190 2696 ut
1217 2639 1251 2698 iu

110 2734 287 2798 Cistellaria
309 2743 341 2798 et
361 2739 394 2798 in
409 2737 509 2798 Milite
531 2737 673 2817 glorioso,
697 2737 733 2798 cf.
753 2757 844 2816 supra
860 2757 890 2814 p.
913 2738 982 2796 162.
1015 2737 1051 2796 In
1072 2737 1129 2798 hnc
1151 2746 1251 2800 eutem

110 2838 220 2900 fabula
247 2861 358 2901 novum
387 2845 447 2914 est,
475 2840 558 2918 quod
585 2839 665 2898 idem
692 2845 821 2918 utroquo
854 2839 921 2899 loco
953 2837 989 2898 fit
1024 2847 1055 2900 at
1083 2841 1251 2902 Mercurius

112 2961 192 3017 eam,
216 2963 308 3022 qnam
332 2944 363 3002 in
384 2943 510 3021 prologo
532 2943 665 3000 instituit
687 2944 855 3017 argumenti
872 2945 1101 3018 enarrationem,
1119 2945 1167 3004 hic
1183 2965 1251 3023 per·

114 3048 265 3124 seqnitur.
300 3044 332 3104 Si
354 3050 454 3104 autem
477 3063 546 3104 vere
568 3047 727 3104 statuimus
748 3045 906 3122 prologum
928 3063 988 3103 non
1010 3043 1048 3102 ab
1065 3046 1132 3121 ipso
1143 3045 1251 3105 Plauto

114 3149 287 3228 profectum
309 3166 383 3220 esse,
406 3152 534 3226 apparet
557 3167 600 3219 ea,
620 3165 687 3224 qum
705 3147 824 3224 prologi
841 3148 1045 3206 narrationem
1062 3147 1251 3222 continuant,

115 3271 176 3311 vss.
201 3250 384 3322 475-491,
408 3253 440 3308 et
461 3250 529 3328 ipss
550 3253 657 3325 postea
678 3248 783 3308 addita
805 3267 869 3308 esse
892 3247 1064 3325 etquidem
1087 3247 1125 3308 sb
1148 3249 1253 3310 eodem

116 3359 252 3414 auctore.

204 3455 279 3514 459.
313 3451 424 3511 Versus
456 3453 536 3512 insto
569 3453 697 3530 longior.
753 3453 840 3512 Both.
879 3449 1012 3532 „operis“
1049 3453 1164 3524 omisit,
1198 3473 1254 3512 nos

116 3579 185 3618 oum
206 3556 416 3616 Lindemanno
445 3554 572 3631 aliisque
604 3551 742 3627 „hodie“‚
773 3555 835 3614 vid.
865 3553 904 3614 acl
931 3575 960 3613 ι.
985 3555 1058 3614 458.
1103 3553 1254 3616 Praeterea

116 3663 234 3724 Usener
256 3661 289 3718 in
311 3657 374 3716 ind.
399 3655 490 3716 schol.
509 3655 669 3734 Gryphisv.
695 3657 776 3715 1866
799 3677 830 3736 p.
855 3657 893 3714 16
921 3656 1020 3730 „Bene
1041 3677 1098 3736 pro
1119 3655 1251 3736 speqne“

116 3763 279 3842 legendum
295 3757 445 3831 censebat,
459 3758 612 3836 eleganter
622 3759 717 3836 magis
728 3777 818 3834 quem
828 3759 1008 3818 necessario.
1024 3787 1063 3800 -
1077 3760 1151 3820 463.
1164 3754 1253 3820 Nar·

117 3861 203 3927 rabit
224 3865 298 3924 olim
320 3861 527 3936 emendatum
549 3865 584 3920 ut
607 3862 680 3920 473.
703 3888 747 3900 -
769 3860 842 3921 464.
866 3856 959 3935 aclea,
984 3867 1099 3936 autem,
1123 3860 1161 3922 of.
1184 3862 1254 3922 Aul.

120 3971 197 4030 730:
237 3965 292 4039 „Id
320 3963 397 4024 adeo
424 3971 455 4023 te
483 3970 603 4023 oratum
625 3959 784 4023 advenio“.
828 3962 935 4022 Bacch.
960 3963 1038 4024 822ι
1076 3963 1158 4043 „Ego
1180 3965 1256 4024 adeo

119 4089 283 4148 numquam
317 4063 492 4144 accipiam“.
536 4065 610 4124 ibid.
635 4066 707 4125 961.
751 4064 842 4143 Epid.
866 4066 916 4124 54.
949 4067 1020 4125 176.
1064 4066 1131 4126 Mil.
1162 4069 1255 4128 1184.

119 4173 212 4234 blera.
238 4173 313 4232 236.
347 4168 467 4228 'l'rucul
492 4169 564 4227 835.
593 4167 631 4226 al.
659 4195 703 4210 -·
732 4169 804 4228 467.
834 4167 908 4228 Post
940 4183 1061 4228 onmem
1093 4169 1193 4230 hiatus
1225 4170 1257 4229 in

121 4296 244 4337 casura.
279 4271 327 4331 Fl.
346 4275 461 4349 transp.
482 4267 729 4346 „Amphitruonis
748 4268 896 4345 omnem“‚
919 4270 1031 4331 Miller
1048 4273 1125 4332 coni.
1152 4271 1257 4346 „Gom-

120 4374 280 4459 pleuero“.
292 4403 336 4414 -
347 4373 420 4432 469.
432 4387 527 4450 quam
543 4389 604 4428 non
621 4371 752 4433 eliditur.
764 4403 808 4414 -
817 4370 914 4453 igitur
931 4369 1065 4450 demum,
1083 4374 1120 4435 of.
1133 4373 1171 4436 ad
1184 4377 1257 4436 207.
