2976 5056
590 521 623 576 V·
642 525 787 578 W·
1193 529 1256 590 313

109 716 164 773 vix
191 718 271 776 satis
294 717 467 775 defenditur
489 717 635 776 eiusmodi
657 717 740 790 locis,
764 715 866 794 quales
890 721 959 774 sunt
977 715 1037 775 Cic.
1057 717 1095 775 ad
1106 717 1189 778 Fam.
1201 718 1254 791 XI,

111 820 165 890 27,
194 822 234 878 6:
269 839 356 897 ,quae
377 823 428 878 vix
450 818 551 877 verbis
573 821 681 895 exequi
703 817 855 897 possum“,
880 818 945 877 Liv.
969 819 1098 892 XXVII,
1123 821 1173 893 27,
1200 822 1254 879 12:

115 920 164 991 ,si
198 923 305 980 omnia
335 922 442 998 exequi
468 916 590 980 velim“.
635 920 670 978 ln
698 919 820 978 eandem
842 923 1010 980 sententian
1032 920 1143 980 Mutet.
1167 921 1255 982 Both.

108 1021 434 1083 Lindem.F1.etiam
456 1021 585 1100 „Perge“
606 1025 790 1101 scripserunt
811 1026 841 1080 et
862 1025 992 1099 priorem
1010 1043 1113 1082 versus
1135 1031 1255 1100 partem

109 1124 215 1185 Sosiae
239 1127 413 1184 tribuerunt
438 1121 588 1200 (61798),
613 1125 739 1183 alteram
758 1121 865 1200 (Perge
889 1121 1009 1200 exequi)
1033 1126 1256 1204 Amphitryoni.

109 1227 185 1302 Ego
211 1247 268 1288 nec
291 1227 427 1287 codicum
449 1229 628 1303 scripturam
650 1225 823 1286 tentandam
841 1247 946 1286 censeo
967 1232 1079 1286 etcum
1103 1229 1257 1289 codicibus

109 1337 223 1388 totum
244 1350 364 1390 versum
384 1329 595 1406 Amphitryoni
617 1328 719 1402 tribui,
742 1329 916 1388 Alcmenam
940 1334 1039 1388 autem
1062 1331 1176 1390 credidi
1198 1351 1258 1390 non

111 1439 251 1511 propter
283 1432 346 1491 haec
378 1431 606 1510 Amphitryonis
638 1431 745 1503 verba,
786 1451 852 1508 quae
885 1451 945 1490 non
978 1433 1077 1504 audit,
1119 1432 1171 1492 sed
1203 1453 1259 1493 ena

112 1541 235 1613 sponte
262 1536 467 1594 narrationem
488 1535 640 1610 inceptam
667 1535 815 1612 persequi.
859 1531 1006 1607 Gertzius,
1037 1537 1084 1592 cui
1110 1534 1254 1613 ,exequi“

113 1640 227 1714 potius
260 1617 421 1710 ,namare“
454 1634 614 1694 videbatur
646 1633 821 1712 significare,
855 1633 1003 1693 Alcmenen
1035 1637 1098 1694 hnc
1131 1638 1258 1697 tribuit:

119 1741 274 1817 „Pergam
308 1736 439 1815 exequi?
478 1735 625 1796 Lauieti“.
658 1767 702 1778 --
736 1739 807 1795 795.
838 1729 983 1808 Laelisti,
1017 1737 1048 1794 id
1083 1737 1164 1814 quod
1196 1741 1258 1816 pri-

115 1862 206 1900 mum
234 1859 360 1918 peregre
388 1839 557 1898 advenienti
586 1858 661 1917 opus
686 1845 762 1897 erat.
806 1832 929 1898 Lauare
957 1839 1053 1898 activa
1080 1839 1176 1898 forma
1201 1861 1259 1919 pro

122 1941 262 2016 ‚,lauari“
287 1943 379 2020 vulgo
402 1941 542 2000 dicebant
570 1942 699 2017 antiqui,
729 1941 765 2000 cl.
790 1939 857 1998 Ter.
881 1941 975 2002 Andr.
999 1943 1076 2001 483:
1115 1942 1179 2014 „fac
1201 1945 1260 2002 ista

117 2053 158 2103 ut
182 2043 300 2104 lauet“.
335 2043 412 2102 Eun.
438 2046 497 2103 593
521 2063 586 2122 sqq.
610 2043 709 2102 Plaut.
732 2043 823 2102 Most.
851 2045 925 2101 153:
954 2042 1035 2116 „Iam
1058 2043 1173 2121 pridem
1198 2065 1259 2103 666·

119 2155 193 2207 stor
214 2147 326 2224 frigide
348 2166 408 2204 non
430 2146 491 2204 lani
514 2147 609 2222 magis
631 2143 797 2204 lubenter“.
838 2144 1133 2222 Trucul321sqq,
1157 2167 1259 2224 quam·

122 2269 221 2326 quam
242 2249 340 2307 Varro
363 2247 399 2307 L.
422 2248 457 2308 L.
481 2247 539 2321 IX,
566 2248 624 2308 105
651 2246 708 2306 hoc
730 2247 891 2323 improbat.
914 2248 1052 2306 -Post
1074 2244 1139 2308 1661
1161 2248 1261 2308 hiatus

121 2353 156 2410 in
187 2371 316 2423 caesum
346 2350 458 2409 Miller
485 2371 515 2428 p.
540 2351 601 2410 602
634 2351 721 2407 uaria
754 2355 888 2407 conetur.
919 2379 956 2388 -
988 2352 1059 2408 798.
1082 2351 1156 2409 Ρο61
1183 2346 1261 2410 lecto
1306 2393 1308 2398 ,

122 2454 247 2525 hiatus,
280 2454 362 2512 cuius
384 2453 500 2511 vitandi
528 2471 617 2511 cause
639 2451 719 2510 Cam.
747 2449 883 2524 ,heihei“
909 2471 965 2529 pro
992 2449 1077 2524 „hei“
1103 2452 1259 2526 scribebat,

124 2556 275 2615 Fleckeie.
303 2555 356 2628 ,In
379 2555 520 2613 eodemne
541 2551 649 2613 lecto“.
661 2585 702 2594 —
716 2555 788 2612 799.
807 2555 1002 2631 6696166616,
1027 2554 1135 2631 quibus
1153 2555 1261 2633 probet

125 2679 175 2716 me
209 2659 257 2716 hic
288 2658 390 2716 irrisae.
419 2687 463 2698 -
491 2659 561 2717 800.
587 2651 758 2716 dormitare
791 2655 828 2714 de
862 2661 1126 2735 appropinquante
1159 2677 1261 2716 somno

127 2761 248 2833 dicitur,
272 2761 479 2818 semisomnum
503 2779 576 2832 csse,
601 2759 638 2818 cf.
662 2758 721 2817 Cic.
746 2758 784 2816 ad
806 2759 898 2817 Attio.
922 2759 960 2832 Il,
987 2761 1034 2832 16,
1063 2763 1094 2819 1:
1129 2761 1260 2834 ,Cenato

126 2863 200 2922 milri
229 2869 260 2920 61
293 2865 354 2920 iam
383 2863 559 2920 dormitanti
587 2861 713 2938 epistola
740 2867 787 2920 661
809 2859 957 2922 reddita“.
983 2892 1020 2902 —
1046 2859 1136 2924 aibas
1157 2885 1260 2924 versus

128 2987 216 3024 cauea
240 2965 451 3037 Lindemann.;
488 2959 625 3025 abiimus
652 2966 711 3023 iam
735 2962 780 3023 ed.
804 2983 850 3041 pr.
875 2994 919 3004 —
945 2967 1015 3023 804.
1039 2961 1112 3026 blac
1133 2985 1189 3042 pro
1212 2963 1262 3028 laic

128 3067 244 3127 emend.
270 3067 357 3126 Both.
382 3097 422 3106 -
447 3057 802 3138 conponentium
837 3065 903 3124 edd.
931 3065 1030 3140 ,ted“.
1071 3067 1181 3126 Miller
1207 3091 1261 3142 „ex

126 3177 159 3228 te
187 3191 242 3248 ego
272 3166 379 3229 audio“
410 3171 575 3246 proposuit.
609 3199 652 3209 -
687 3170 758 3228 806.
795 3163 853 3228 Vir
880 3184 935 3245 eqo
964 3170 1038 3228 1663
1064 3167 1141 3244 sim,
1171 3175 1262 3245 negot

127 3294 159 3332 66
180 3275 279 3332 virum
301 3277 366 3332 6166
388 3291 462 3344 6666,
485 3290 514 3330 v.
535 3273 607 3330 741.
623 3301 668 3312 --
683 3265 767 3345 falso
783 3265 867 3345 salso
893 3271 989 3344 codd,
1013 3271 1094 3347 quod
1116 3274 1161 3330 ita
1182 3273 1261 3331 tueri

128 3377 228 3434 conati
252 3381 338 3434 erant
360 3373 438 3445 edd.,
467 3378 501 3431 ut
522 3375 606 3449 prius
629 3373 816 3446 adverbium,
841 3374 968 3432 alterum
993 3373 1174 3433 adiectivum
1197 3394 1261 3432 6666

128 3479 272 3538 dicerent.
317 3477 420 3536 Dousa
446 3475 596 3534 intellexit
628 3475 816 3534 scribendum
851 3495 915 3533 esse
948 3470 1033 3550 salsa
1066 3470 1160 3550 salse.
1205 3475 1261 3535 Est

127 3587 226 3640 autem
250 3573 345 3653 falsa,
381 3597 447 3655 qun
480 3578 611 3650 fallitur,
646 3579 682 3638 cl.
711 3579 780 3637 Ter.
809 3577 903 3636 Andr.
934 3579 1009 3636 647:
1054 3579 1163 3651 „falsus
1198 3578 1259 3638 es“.

127 3682 204 3741 Eun.
230 3683 307 3740 274:
348 3687 401 3754 „ut
429 3680 523 3738 falsus
557 3679 712 3767 animist!“
759 3679 872 3738 Eadem
905 3682 1054 3740 sententia
1086 3681 1165 3739 infra
1199 3683 1260 3740 823

130 3781 343 3857 „frustratur“.
372 3813 415 3824 ·-
444 3786 515 3844 807.
545 3778 664 3843 Haeret
690 3778 764 3842 leaeo
781 3797 864 3856 ree,
899 3783 1034 3860 expediri
1067 3785 1188 3860 nequit,
1224 3785 1260 3842 cf.

127 3887 297 3947 Trin.904.
331 3885 440 3944 Pseud.
455 3886 579 3945 98811).
593 3887 671 3945 423:
705 3885 1056 3959 „Occiseesthaecres3
1083 3887 1188 3945 haeret
1203 3887 1260 3946 hoc

128 3987 310 4067 negotium“.
351 3988 444 4048 Mero.
470 3991 546 4047 591:
581 3986 740 4061 ,heereo“.
780 3989 862 4047 Pers.
888 3991 965 4048 535:
992 3990 1064 4062 „tali
1086 3995 1120 4048 ut
1142 3993 1173 4048 in
1195 3989 1260 4048 luto

127 4089 298 4150 baeream“.
343 4091 523 4169 Amphitryo
547 4097 711 4166 negaverat
732 4093 913 4164 Alcmenam,
939 4111 1004 4169 quae
1028 4091 1176 4150 adulterio
1199 4111 1260 4150 ma-

127 4195 300 4252 trimonium
327 4195 474 4272 rupisset,
505 4214 536 4252 66
564 4197 631 4253 iure
653 4195 749 4252 virum
779 4194 939 4270 appellere.
985 4194 1070 4254 Sosia
1093 4196 1261 4254 scurriliter

130 4296 357 4371 ambiguitatem
386 4302 522 4374 captans,
553 4299 638 4373 quasi
666 4315 726 4354 non
748 4297 899 4356 Alcmenae
925 4299 1037 4370 virum,
1067 4297 1119 4355 sed
1142 4299 1261 4355 omnino
