<?xml version="1.0" encoding="UTF-8"?>
<!DOCTYPE html PUBLIC "-//W3C//DTD XHTML 1.0 Transitional//EN"
    "http://www.w3.org/TR/xhtml1/DTD/xhtml1-transitional.dtd">
<html xmlns="http://www.w3.org/1999/xhtml" xml:lang="en" lang="en">
 <head>
  <title>
</title>
<meta http-equiv="Content-Type" content="text/html;charset=utf-8" />
  <meta name='ocr-system' content='tesseract 3.04.00' />
  <meta name='ocr-capabilities' content='ocr_page ocr_carea ocr_par ocr_line ocrx_word'/>
</head>
<body>
  <div class='ocr_page' id='page_1' title='image "./tmacciiplautico02ussigoog_0129.png"; bbox 0 0 2956 5018; ppageno 0'>
   <div class='ocr_carea' id='block_1_1' title="bbox 257 511 1391 586">
    <p class='ocr_par' dir='ltr' id='par_1_1' title="bbox 257 511 1391 586">
     <span class='ocr_line' id='line_1_1' title="bbox 257 511 1391 586; baseline 0.005 -20"><span class='ocrx_word' id='word_1_1' title='bbox 257 515 319 576; x_wconf 80' lang='lat'><strong>114</strong></span> <span class='ocrx_word' id='word_1_2' title='bbox 773 511 867 567; x_wconf 86' lang='lat' dir='ltr'><strong>Plauti</strong></span> <span class='ocrx_word' id='word_1_3' title='bbox 1184 513 1235 582; x_wconf 72' lang='lat'>111,</span> <span class='ocrx_word' id='word_1_4' title='bbox 1247 517 1275 586; x_wconf 79' lang='grc'><strong>8,</strong></span> <span class='ocrx_word' id='word_1_5' title='bbox 1288 515 1391 572; x_wconf 66' lang='lat'>11—-25</span> 
     </span>
    </p>
   </div>
   <div class='ocr_carea' id='block_1_2' title="bbox 254 700 1467 1110">
    <p class='ocr_par' dir='ltr' id='par_1_2' title="bbox 256 700 1467 792">
     <span class='ocr_line' id='line_1_2' title="bbox 256 700 1467 792; baseline 0.002 -25"><span class='ocrx_word' id='word_1_6' title='bbox 256 702 320 781; x_wconf 85' lang='lat' dir='ltr'><strong>Qui</strong></span> <span class='ocrx_word' id='word_1_7' title='bbox 343 721 415 768; x_wconf 79' lang='lat' dir='ltr'><strong>sese</strong></span> <span class='ocrx_word' id='word_1_8' title='bbox 439 721 556 786; x_wconf 89' lang='lat' dir='ltr'><strong>parere</strong></span> <span class='ocrx_word' id='word_1_9' title='bbox 579 700 743 784; x_wconf 79' lang='lat' dir='ltr'><strong>adparent</strong></span> <span class='ocrx_word' id='word_1_10' title='bbox 763 700 859 767; x_wconf 84' lang='lat' dir='ltr'><strong>huius</strong></span> <span class='ocrx_word' id='word_1_11' title='bbox 881 700 1018 786; x_wconf 79' lang='lat' dir='ltr'><strong>legibue,</strong></span> <span class='ocrx_word' id='word_1_12' title='bbox 1039 701 1188 787; x_wconf 81' lang='lat' dir='ltr'><strong>profecto</strong></span> <span class='ocrx_word' id='word_1_13' title='bbox 1466 787 1467 792; x_wconf 8' lang='grc' dir='ltr'>ἵ</span> 
     </span>
    </p>

    <p class='ocr_par' dir='ltr' id='par_1_3' title="bbox 254 807 1391 985">
     <span class='ocr_line' id='line_1_3' title="bbox 254 807 1391 897; baseline 0.002 -21"><span class='ocrx_word' id='word_1_14' title='bbox 254 809 442 896; x_wconf 78' lang='lat' dir='ltr'><strong>Numquam</strong></span> <span class='ocrx_word' id='word_1_15' title='bbox 463 809 570 876; x_wconf 87' lang='lat' dir='ltr'><strong>bonae</strong></span> <span class='ocrx_word' id='word_1_16' title='bbox 593 807 681 892; x_wconf 83' lang='lat' dir='ltr'><strong>frugi</strong></span> <span class='ocrx_word' id='word_1_17' title='bbox 703 810 798 890; x_wconf 85' lang='lat' dir='ltr'><strong>sient,</strong></span> <span class='ocrx_word' id='word_1_18' title='bbox 820 811 890 876; x_wconf 85' lang='lat' dir='ltr'><strong>dies</strong></span> <span class='ocrx_word' id='word_1_19' title='bbox 913 811 1086 897; x_wconf 80' lang='lat' dir='ltr'><strong>noctisque</strong></span> <span class='ocrx_word' id='word_1_20' title='bbox 1108 817 1235 897; x_wconf 84' lang='lat' dir='ltr'><strong>potent</strong></span> <span class='ocrx_word' id='word_1_21' title='bbox 1338 822 1391 878; x_wconf 80' lang='lat'><strong>595</strong></span> 
     </span>
     <span class='ocr_line' id='line_1_4' title="bbox 733 917 912 985; baseline 0.017 -3"><span class='ocrx_word' id='word_1_22' title='bbox 733 917 912 985; x_wconf 82' lang='lat' dir='ltr'>Leonida</span> 
     </span>
    </p>

    <p class='ocr_par' dir='ltr' id='par_1_4' title="bbox 254 1025 1290 1110">
     <span class='ocr_line' id='line_1_5' title="bbox 254 1025 1290 1110; baseline -0.002 -15"><span class='ocrx_word' id='word_1_23' title='bbox 254 1029 305 1096; x_wconf 90' lang='lat' dir='ltr'><strong>Ne</strong></span> <span class='ocrx_word' id='word_1_24' title='bbox 326 1029 391 1094; x_wconf 85' lang='lat' dir='ltr'><strong>iste</strong></span> <span class='ocrx_word' id='word_1_25' title='bbox 412 1025 528 1092; x_wconf 73' lang='lat' dir='ltr'><strong>hercle,</strong></span> <span class='ocrx_word' id='word_1_26' title='bbox 545 1025 588 1091; x_wconf 90' lang='lat' dir='ltr'><strong>ab</strong></span> <span class='ocrx_word' id='word_1_27' title='bbox 610 1025 675 1092; x_wconf 86' lang='lat' dir='ltr'><strong>ista</strong></span> <span class='ocrx_word' id='word_1_28' title='bbox 696 1046 764 1091; x_wconf 88' lang='lat' dir='ltr'><strong>nen</strong></span> <span class='ocrx_word' id='word_1_29' title='bbox 786 1027 904 1110; x_wconf 90' lang='lat' dir='ltr'><strong>pedem</strong></span> <span class='ocrx_word' id='word_1_30' title='bbox 926 1025 1083 1108; x_wconf 81' lang='lat' dir='ltr'><strong>discedat,</strong></span> <span class='ocrx_word' id='word_1_31' title='bbox 1104 1027 1132 1092; x_wconf 86' lang='lat' dir='ltr'><strong>ei</strong></span> <span class='ocrx_word' id='word_1_32' title='bbox 1154 1027 1290 1110; x_wconf 86' lang='lat' dir='ltr'><strong>lieesait,</strong></span> 
     </span>
    </p>
   </div>
   <div class='ocr_carea' id='block_1_3' title="bbox 153 1133 1245 1217">
    <p class='ocr_par' dir='ltr' id='par_1_5' title="bbox 153 1133 1245 1217">
     <span class='ocr_line' id='line_1_6' title="bbox 153 1133 1245 1217; baseline 0.001 -16"><span class='ocrx_word' id='word_1_33' title='bbox 153 1157 157 1166; x_wconf 93' lang='lat'>·</span> <span class='ocrx_word' id='word_1_34' title='bbox 256 1136 321 1215; x_wconf 85' lang='lat' dir='ltr'><strong>Qui</strong></span> <span class='ocrx_word' id='word_1_35' title='bbox 342 1155 430 1201; x_wconf 84' lang='lat' dir='ltr'><strong>nune</strong></span> <span class='ocrx_word' id='word_1_36' title='bbox 451 1133 586 1200; x_wconf 78' lang='lat' dir='ltr'><strong>festinat</strong></span> <span class='ocrx_word' id='word_1_37' title='bbox 609 1139 708 1217; x_wconf 88' lang='lat' dir='ltr'><strong>atque</strong></span> <span class='ocrx_word' id='word_1_38' title='bbox 731 1133 774 1199; x_wconf 89' lang='lat' dir='ltr'><strong>ab</strong></span> <span class='ocrx_word' id='word_1_39' title='bbox 796 1133 860 1198; x_wconf 87' lang='lat' dir='ltr'><strong>hac</strong></span> <span class='ocrx_word' id='word_1_40' title='bbox 881 1135 1027 1201; x_wconf 87' lang='lat' dir='ltr'><strong>minatur</strong></span> <span class='ocrx_word' id='word_1_41' title='bbox 1048 1155 1120 1201; x_wconf 78' lang='lat' dir='ltr'><strong>sare</strong></span> <span class='ocrx_word' id='word_1_42' title='bbox 1142 1136 1245 1202; x_wconf 91' lang='lat' dir='ltr'><strong>abire.</strong></span> 
     </span>
    </p>
   </div>
   <div class='ocr_carea' id='block_1_4' title="bbox 256 1240 1323 1438">
    <p class='ocr_par' dir='ltr' id='par_1_6' title="bbox 256 1240 1323 1438">
     <span class='ocr_line' id='line_1_7' title="bbox 734 1240 909 1308; baseline 0.006 -2"><span class='ocrx_word' id='word_1_43' title='bbox 734 1240 909 1308; x_wconf 84' lang='lat' dir='ltr'><strong>Libanus</strong></span> 
     </span>
     <span class='ocr_line' id='line_1_8' title="bbox 256 1347 1323 1438; baseline -0.003 -17"><span class='ocrx_word' id='word_1_44' title='bbox 256 1353 406 1421; x_wconf 84' lang='lat' dir='ltr'><strong>Sermoni</strong></span> <span class='ocrx_word' id='word_1_45' title='bbox 418 1352 493 1416; x_wconf 87' lang='lat' dir='ltr'><strong>iam</strong></span> <span class='ocrx_word' id='word_1_46' title='bbox 513 1349 612 1416; x_wconf 89' lang='lat' dir='ltr'><strong>finem</strong></span> <span class='ocrx_word' id='word_1_47' title='bbox 633 1347 706 1416; x_wconf 80' lang='lat' dir='ltr'><strong>face</strong></span> <span class='ocrx_word' id='word_1_48' title='bbox 728 1355 802 1430; x_wconf 82' lang='lat' dir='ltr'><strong>tn03</strong></span> <span class='ocrx_word' id='word_1_49' title='bbox 824 1348 922 1414; x_wconf 82' lang='lat' dir='ltr'><strong>huius</strong></span> <span class='ocrx_word' id='word_1_50' title='bbox 945 1370 1127 1416; x_wconf 83' lang='lat' dir='ltr'><strong>sermonem</strong></span> <span class='ocrx_word' id='word_1_51' title='bbox 1149 1352 1323 1438; x_wconf 79' lang='lat' dir='ltr'><strong>accipiam.</strong></span> 
     </span>
    </p>
   </div>
   <div class='ocr_carea' id='block_1_5' title="bbox 255 1456 945 1613">
    <p class='ocr_par' dir='ltr' id='par_1_7' title="bbox 255 1456 945 1613">
     <span class='ocr_line' id='line_1_9' title="bbox 694 1456 945 1541; baseline 0 -19"><span class='ocrx_word' id='word_1_52' title='bbox 694 1456 945 1541; x_wconf 79' lang='lat' dir='ltr'><strong>Argyrippus</strong></span> 
     </span>
     <span class='ocr_line' id='line_1_10' title="bbox 255 1545 349 1613; baseline -0.032 0"><span class='ocrx_word' id='word_1_53' title='bbox 255 1545 349 1613; x_wconf 89' lang='lat' dir='ltr'><strong>Uale.</strong></span> 
     </span>
    </p>
   </div>
   <div class='ocr_carea' id='block_1_6' title="bbox 364 1648 1324 2057">
    <p class='ocr_par' dir='ltr' id='par_1_8' title="bbox 364 1648 1307 2055">
     <span class='ocr_line' id='line_1_11' title="bbox 693 1648 949 1715; baseline 0 -2"><span class='ocrx_word' id='word_1_54' title='bbox 693 1648 949 1715; x_wconf 88' lang='lat' dir='ltr'><strong>Philaenium</strong></span> 
     </span>
     <span class='ocr_line' id='line_1_12' title="bbox 364 1757 641 1842; baseline -0.007 -18"><span class='ocrx_word' id='word_1_55' title='bbox 364 1758 435 1837; x_wconf 84' lang='lat' dir='ltr'><strong>Quo</strong></span> <span class='ocrx_word' id='word_1_56' title='bbox 459 1757 641 1842; x_wconf 81' lang='lat' dir='ltr'><strong>properas?</strong></span> 
     </span>
     <span class='ocr_line' id='line_1_13' title="bbox 697 1863 947 1948; baseline 0.004 -20"><span class='ocrx_word' id='word_1_57' title='bbox 697 1863 947 1948; x_wconf 79' lang='lat' dir='ltr'><strong>Argyrippus</strong></span> 
     </span>
     <span class='ocr_line' id='line_1_14' title="bbox 647 1969 1324 2057; baseline 0.009 -21"><span class='ocrx_word' id='word_1_58' title='bbox 647 1971 737 2037; x_wconf 91' lang='lat' dir='ltr'><strong>Bane</strong></span> <span class='ocrx_word' id='word_1_59' title='bbox 759 1969 849 2036; x_wconf 82' lang='lat' dir='ltr'><strong>ualet</strong></span> <span class='ocrx_word' id='word_1_60' title='bbox 873 1970 963 2055; x_wconf 88' lang='lat' dir='ltr'><strong>apud</strong></span> <span class='ocrx_word' id='word_1_61' title='bbox 985 1972 1107 2038; x_wconf 86' lang='lat' dir='ltr'><strong>Orcum</strong></span> <span class='ocrx_word' id='word_1_62' title='bbox 1129 1979 1162 2040; x_wconf 90' lang='lat' dir='ltr'><strong>te</strong></span> <span class='ocrx_word' id='word_1_63' title='bbox 1184 1973 1324 2057; x_wconf 88' lang='lat' dir='ltr'><strong>uideho;</strong></span> 
     </span>
    </p>
   </div>
   <div class='ocr_carea' id='block_1_7' title="bbox 255 2049 1467 2252">
    <p class='ocr_par' dir='ltr' id='par_1_9' title="bbox 255 2049 1467 2252">
     <span class='ocr_line' id='line_1_15' title="bbox 255 2049 1467 2164; baseline -0.001 -16"><span class='ocrx_word' id='word_1_64' title='bbox 255 2081 341 2148; x_wconf 89' lang='lat' dir='ltr'><strong>Nam</strong></span> <span class='ocrx_word' id='word_1_65' title='bbox 357 2080 509 2164; x_wconf 89' lang='lat' dir='ltr'><strong>equidem</strong></span> <span class='ocrx_word' id='word_1_66' title='bbox 526 2100 579 2144; x_wconf 90' lang='lat' dir='ltr'><strong>me</strong></span> <span class='ocrx_word' id='word_1_67' title='bbox 595 2080 663 2145; x_wconf 88' lang='lat' dir='ltr'><strong>iam</strong></span> <span class='ocrx_word' id='word_1_68' title='bbox 682 2085 841 2164; x_wconf 86' lang='lat' dir='ltr'><strong>quantum</strong></span> <span class='ocrx_word' id='word_1_69' title='bbox 856 2083 968 2163; x_wconf 87' lang='lat' dir='ltr'><strong>potest</strong></span> <span class='ocrx_word' id='word_1_70' title='bbox 985 2081 1093 2146; x_wconf 87' lang='lat' dir='ltr'><strong>auita</strong></span> <span class='ocrx_word' id='word_1_71' title='bbox 1109 2081 1319 2149; x_wconf 84' lang='lat' dir='ltr'><strong>abiudicabo.</strong></span> <span class='ocrx_word' id='word_1_72' title='bbox 1337 2093 1390 2147; x_wconf 88' lang='grc'><strong>600</strong></span> <span class='ocrx_word' id='word_1_73' title='bbox 1466 2049 1467 2058; x_wconf 20' lang='lat'>¹</span> 
     </span>
     <span class='ocr_line' id='line_1_16' title="bbox 694 2186 951 2252; baseline 0 0"><span class='ocrx_word' id='word_1_74' title='bbox 694 2186 951 2252; x_wconf 87' lang='lat' dir='ltr'><strong>Philaenium</strong></span> 
     </span>
    </p>
   </div>
   <div class='ocr_carea' id='block_1_8' title="bbox 256 2293 1296 2486">
    <p class='ocr_par' dir='ltr' id='par_1_10' title="bbox 256 2293 1296 2486">
     <span class='ocr_line' id='line_1_17' title="bbox 256 2293 1296 2380; baseline -0.002 -16"><span class='ocrx_word' id='word_1_75' title='bbox 256 2297 321 2364; x_wconf 83' lang='lat' dir='ltr'><strong>Gur</strong></span> <span class='ocrx_word' id='word_1_76' title='bbox 342 2303 380 2362; x_wconf 88' lang='lat' dir='ltr'><strong>tu</strong></span> <span class='ocrx_word' id='word_1_77' title='bbox 402 2295 540 2363; x_wconf 84' lang='lat' dir='ltr'><strong>obsecro</strong></span> <span class='ocrx_word' id='word_1_78' title='bbox 561 2295 714 2361; x_wconf 87' lang='lat' dir='ltr'><strong>inmerito</strong></span> <span class='ocrx_word' id='word_1_79' title='bbox 736 2315 809 2360; x_wconf 90' lang='lat' dir='ltr'><strong>mao</strong></span> <span class='ocrx_word' id='word_1_80' title='bbox 832 2315 884 2359; x_wconf 92' lang='lat' dir='ltr'><strong>me</strong></span> <span class='ocrx_word' id='word_1_81' title='bbox 906 2295 1005 2360; x_wconf 89' lang='lat' dir='ltr'><strong>morti</strong></span> <span class='ocrx_word' id='word_1_82' title='bbox 1028 2293 1150 2361; x_wconf 89' lang='lat' dir='ltr'><strong>dedere</strong></span> <span class='ocrx_word' id='word_1_83' title='bbox 1173 2297 1296 2380; x_wconf 81' lang='lat' dir='ltr'><strong>optas?</strong></span> 
     </span>
     <span class='ocr_line' id='line_1_18' title="bbox 698 2401 946 2486; baseline 0 -20"><span class='ocrx_word' id='word_1_84' title='bbox 698 2401 946 2486; x_wconf 81' lang='lat' dir='ltr'><strong>Argyrippus</strong></span> 
     </span>
    </p>
   </div>
   <div class='ocr_carea' id='block_1_9' title="bbox 255 2615 1271 2789">
    <p class='ocr_par' dir='ltr' id='par_1_11' title="bbox 255 2615 1271 2789">
     <span class='ocr_line' id='line_1_19' title="bbox 255 2615 1271 2701; baseline 0 -16"><span class='ocrx_word' id='word_1_85' title='bbox 255 2620 369 2686; x_wconf 90' lang='lat' dir='ltr'><strong>Uitam</strong></span> <span class='ocrx_word' id='word_1_86' title='bbox 390 2639 497 2683; x_wconf 92' lang='lat' dir='ltr'><strong>meam</strong></span> <span class='ocrx_word' id='word_1_87' title='bbox 519 2618 580 2684; x_wconf 87' lang='lat' dir='ltr'><strong>tibi</strong></span> <span class='ocrx_word' id='word_1_88' title='bbox 601 2617 725 2701; x_wconf 80' lang='lat' dir='ltr'><strong>largiar</strong></span> <span class='ocrx_word' id='word_1_89' title='bbox 747 2622 780 2681; x_wconf 87' lang='lat' dir='ltr'><strong>et</strong></span> <span class='ocrx_word' id='word_1_90' title='bbox 802 2615 843 2680; x_wconf 90' lang='lat' dir='ltr'><strong>de</strong></span> <span class='ocrx_word' id='word_1_91' title='bbox 866 2636 940 2682; x_wconf 89' lang='lat' dir='ltr'><strong>mea</strong></span> <span class='ocrx_word' id='word_1_92' title='bbox 962 2616 1007 2682; x_wconf 91' lang='lat' dir='ltr'><strong>ad</strong></span> <span class='ocrx_word' id='word_1_93' title='bbox 1028 2623 1120 2684; x_wconf 88' lang='lat' dir='ltr'><strong>tuam</strong></span> <span class='ocrx_word' id='word_1_94' title='bbox 1142 2619 1271 2684; x_wconf 85' lang='lat' dir='ltr'><strong>addam.</strong></span> 
     </span>
     <span class='ocr_line' id='line_1_20' title="bbox 692 2721 948 2789; baseline 0.008 -3"><span class='ocrx_word' id='word_1_95' title='bbox 692 2721 948 2789; x_wconf 90' lang='lat' dir='ltr'><strong>Philaenium</strong></span> 
     </span>
    </p>
   </div>
   <div class='ocr_carea' id='block_1_10' title="bbox 255 2831 1467 3345">
    <p class='ocr_par' dir='ltr' id='par_1_12' title="bbox 257 2831 1208 2916">
     <span class='ocr_line' id='line_1_21' title="bbox 257 2831 1208 2916; baseline 0 -16"><span class='ocrx_word' id='word_1_96' title='bbox 257 2832 325 2900; x_wconf 85' lang='lat' dir='ltr'><strong>Gur</strong></span> <span class='ocrx_word' id='word_1_97' title='bbox 347 2853 425 2916; x_wconf 81' lang='lat' dir='ltr'><strong>ergo</strong></span> <span class='ocrx_word' id='word_1_98' title='bbox 447 2832 609 2898; x_wconf 86' lang='lat' dir='ltr'><strong>minitaris</strong></span> <span class='ocrx_word' id='word_1_99' title='bbox 630 2831 693 2898; x_wconf 89' lang='lat' dir='ltr'><strong>tibi</strong></span> <span class='ocrx_word' id='word_1_100' title='bbox 714 2836 747 2897; x_wconf 85' lang='lat' dir='ltr'><strong>te</strong></span> <span class='ocrx_word' id='word_1_101' title='bbox 769 2831 874 2896; x_wconf 87' lang='lat' dir='ltr'><strong>uitam</strong></span> <span class='ocrx_word' id='word_1_102' title='bbox 897 2851 967 2897; x_wconf 83' lang='lat' dir='ltr'><strong>ease</strong></span> <span class='ocrx_word' id='word_1_103' title='bbox 990 2833 1208 2900; x_wconf 78' lang='lat' dir='ltr'><strong>amissurum?</strong></span> 
     </span>
    </p>

    <p class='ocr_par' dir='ltr' id='par_1_13' title="bbox 255 2937 1467 3025">
     <span class='ocr_line' id='line_1_22' title="bbox 255 2937 1467 3025; baseline 0.002 -18"><span class='ocrx_word' id='word_1_104' title='bbox 255 2941 341 3007; x_wconf 91' lang='lat' dir='ltr'><strong>Nam</strong></span> <span class='ocrx_word' id='word_1_105' title='bbox 363 2939 442 3025; x_wconf 88' lang='lat' dir='ltr'><strong>quid</strong></span> <span class='ocrx_word' id='word_1_106' title='bbox 464 2961 516 3005; x_wconf 92' lang='lat' dir='ltr'><strong>me</strong></span> <span class='ocrx_word' id='word_1_107' title='bbox 537 2937 702 3006; x_wconf 83' lang='lat' dir='ltr'><strong>facturam</strong></span> <span class='ocrx_word' id='word_1_108' title='bbox 723 2943 832 3022; x_wconf 83' lang='lat' dir='ltr'><strong>patae,</strong></span> <span class='ocrx_word' id='word_1_109' title='bbox 851 2939 880 3004; x_wconf 85' lang='lat' dir='ltr'><strong>si</strong></span> <span class='ocrx_word' id='word_1_110' title='bbox 894 2939 983 3004; x_wconf 79' lang='lat' dir='ltr'><strong>istuc</strong></span> <span class='ocrx_word' id='word_1_111' title='bbox 1001 2939 1090 3023; x_wconf 88' lang='lat' dir='ltr'><strong>quod</strong></span> <span class='ocrx_word' id='word_1_112' title='bbox 1107 2941 1188 3006; x_wconf 85' lang='lat' dir='ltr'><strong>dieis</strong></span> <span class='ocrx_word' id='word_1_113' title='bbox 1205 2939 1313 3006; x_wconf 82' lang='lat' dir='ltr'><strong>faxis?</strong></span> <span class='ocrx_word' id='word_1_114' title='bbox 1336 2947 1408 3005; x_wconf 80' lang='grc'><strong>605.</strong></span> <span class='ocrx_word' id='word_1_115' title='bbox 1466 2969 1467 3010; x_wconf 64' lang='lat' dir='ltr'><strong>i</strong></span> 
     </span>
    </p>

    <p class='ocr_par' dir='ltr' id='par_1_14' title="bbox 255 3039 1467 3250">
     <span class='ocr_line' id='line_1_23' title="bbox 255 3039 1467 3132; baseline -0.002 -16"><span class='ocrx_word' id='word_1_116' title='bbox 255 3049 339 3116; x_wconf 90' lang='lat' dir='ltr'><strong>Mihi</strong></span> <span class='ocrx_word' id='word_1_117' title='bbox 360 3044 547 3131; x_wconf 88' lang='lat' dir='ltr'><strong>eertum[st]</strong></span> <span class='ocrx_word' id='word_1_118' title='bbox 570 3046 739 3114; x_wconf 85' lang='lat' dir='ltr'><strong>eefiaere</strong></span> <span class='ocrx_word' id='word_1_119' title='bbox 729 3067 764 3111; x_wconf 91' lang='lat' dir='ltr'><strong>m</strong></span> <span class='ocrx_word' id='word_1_120' title='bbox 785 3067 838 3112; x_wconf 94' lang='lat' dir='ltr'><strong>me</strong></span> <span class='ocrx_word' id='word_1_121' title='bbox 861 3047 971 3112; x_wconf 87' lang='lat' dir='ltr'><strong>omnia</strong></span> <span class='ocrx_word' id='word_1_122' title='bbox 993 3047 1107 3114; x_wconf 90' lang='lat' dir='ltr'><strong>eadam</strong></span> <span class='ocrx_word' id='word_1_123' title='bbox 1130 3068 1215 3132; x_wconf 86' lang='lat' dir='ltr'><strong>quae</strong></span> <span class='ocrx_word' id='word_1_124' title='bbox 1236 3049 1305 3113; x_wconf 89' lang='lat' dir='ltr'><strong>tu</strong></span> <span class='ocrx_word' id='word_1_125' title='bbox 1295 3069 1330 3114; x_wconf 89' lang='lat' dir='ltr'><strong>m</strong></span> <span class='ocrx_word' id='word_1_126' title='bbox 1352 3054 1387 3113; x_wconf 93' lang='lat' dir='ltr'><strong>te</strong></span> <span class='ocrx_word' id='word_1_127' title='bbox 1466 3039 1467 3120; x_wconf 72' lang='lat' dir='ltr'><strong>i</strong></span> 
     </span>
     <span class='ocr_line' id='line_1_24' title="bbox 975 3153 1068 3221; baseline 0.006 -4"><span class='ocrx_word' id='word_1_128' title='bbox 975 3153 1068 3221; x_wconf 81' lang='lat' dir='ltr'><strong>faxis,</strong></span> 
     </span>
    </p>

    <p class='ocr_par' dir='ltr' id='par_1_15' title="bbox 699 3251 1467 3360">
     <span class='ocr_line' id='line_1_25' title="bbox 699 3260 950 3345; baseline 0 -20"><span class='ocrx_word' id='word_1_129' title='bbox 699 3260 950 3345; x_wconf 82' lang='lat' dir='ltr'><strong>Argyrippus</strong></span> 
     </span>
    </p>
   </div>
   <div class='ocr_carea' id='block_1_11' title="bbox 255 2069 1467 2594">
    <p class='ocr_par' dir='ltr' id='par_1_16' title="bbox 255 2069 1467 2624">
     <span class='ocr_line' id='line_1_26' title="bbox 1466 2069 1467 2132; baseline 0 0"><span class='ocrx_word' id='word_1_130' title='bbox 1466 2069 1467 2132; x_wconf 77' lang='lat' dir='ltr'><strong>i</strong></span> 
     </span>
     <span class='ocr_line' id='line_1_27' title="bbox 1466 2137 1467 2178; baseline 0 0"><span class='ocrx_word' id='word_1_131' title='bbox 1466 2137 1467 2178; x_wconf 70' lang='lat' dir='ltr'><strong>t</strong></span> 
     </span>
     <span class='ocr_line' id='line_1_28' title="bbox 1466 2213 1467 2308; baseline 0 0"><span class='ocrx_word' id='word_1_132' title='bbox 1466 2213 1467 2308; x_wconf 75' lang='lat' dir='ltr'><strong>i</strong></span> 
     </span>
     <span class='ocr_line' id='line_1_29' title="bbox 1466 2353 1467 2464; baseline 0 -28"><span class='ocrx_word' id='word_1_133' title='bbox 1466 2353 1467 2464; x_wconf 70' lang='lat' dir='ltr'><strong>i</strong></span> 
     </span>
     <span class='ocr_line' id='line_1_30' title="bbox 255 2507 1258 2594; baseline 0 -18"><span class='ocrx_word' id='word_1_134' title='bbox 255 2511 351 2594; x_wconf 77' lang='lat' dir='ltr'><strong>Egon</strong></span> <span class='ocrx_word' id='word_1_135' title='bbox 372 2512 428 2576; x_wconf 80' lang='lat' dir='ltr'><strong>te?</strong></span> <span class='ocrx_word' id='word_1_136' title='bbox 450 2529 550 2594; x_wconf 90' lang='lat' dir='ltr'><strong>quam</strong></span> <span class='ocrx_word' id='word_1_137' title='bbox 571 2510 600 2576; x_wconf 86' lang='lat' dir='ltr'><strong>ei</strong></span> <span class='ocrx_word' id='word_1_138' title='bbox 621 2508 811 2592; x_wconf 86' lang='lat' dir='ltr'><strong>intellegam</strong></span> <span class='ocrx_word' id='word_1_139' title='bbox 833 2507 974 2574; x_wconf 78' lang='lat' dir='ltr'><strong>deficere</strong></span> <span class='ocrx_word' id='word_1_140' title='bbox 996 2510 1077 2590; x_wconf 89' lang='lat' dir='ltr'><strong>uita,</strong></span> <span class='ocrx_word' id='word_1_141' title='bbox 1098 2511 1165 2577; x_wconf 91' lang='lat' dir='ltr'><strong>iam</strong></span> <span class='ocrx_word' id='word_1_142' title='bbox 1187 2512 1258 2594; x_wconf 82' lang='lat' dir='ltr'><strong>ipse</strong></span> 
     </span>
    </p>
   </div>
   <div class='ocr_carea' id='block_1_12' title="bbox 258 3368 1192 4188">
    <p class='ocr_par' dir='ltr' id='par_1_17' title="bbox 258 3368 948 3540">
     <span class='ocr_line' id='line_1_31' title="bbox 258 3368 676 3440; baseline -0.019 0"><span class='ocrx_word' id='word_1_143' title='bbox 258 3373 285 3440; x_wconf 96' lang='grc' dir='ltr'><strong>Ο</strong></span> <span class='ocrx_word' id='word_1_144' title='bbox 308 3371 405 3437; x_wconf 89' lang='lat' dir='ltr'><strong>melle</strong></span> <span class='ocrx_word' id='word_1_145' title='bbox 429 3370 518 3436; x_wconf 85' lang='lat' dir='ltr'><strong>dulei</strong></span> <span class='ocrx_word' id='word_1_146' title='bbox 540 3368 676 3435; x_wconf 82' lang='lat' dir='ltr'><strong>dulcior.</strong></span> 
     </span>
     <span class='ocr_line' id='line_1_32' title="bbox 617 3473 948 3540; baseline 0.018 -6"><span class='ocrx_word' id='word_1_147' title='bbox 617 3521 624 3534; x_wconf 95' lang='lat'>.</span> <span class='ocrx_word' id='word_1_148' title='bbox 695 3473 948 3540; x_wconf 83' lang='lat' dir='ltr'><strong>Philaenium</strong></span> 
     </span>
    </p>

    <p class='ocr_par' dir='ltr' id='par_1_18' title="bbox 691 3583 1181 3650">
     <span class='ocr_line' id='line_1_33' title="bbox 691 3583 1181 3650; baseline 0.002 -3"><span class='ocrx_word' id='word_1_149' title='bbox 691 3583 773 3648; x_wconf 90' lang='lat' dir='ltr'><strong>Mihi</strong></span> <span class='ocrx_word' id='word_1_150' title='bbox 795 3588 884 3648; x_wconf 82' lang='lat' dir='ltr'><strong>certe</strong></span> <span class='ocrx_word' id='word_1_151' title='bbox 908 3583 994 3648; x_wconf 92' lang='lat' dir='ltr'><strong>enim</strong></span> <span class='ocrx_word' id='word_1_152' title='bbox 1015 3589 1052 3648; x_wconf 86' lang='lat' dir='ltr'><strong>tu</strong></span> <span class='ocrx_word' id='word_1_153' title='bbox 1074 3583 1181 3650; x_wconf 84' lang='lat' dir='ltr'><strong>uita’s.</strong></span> 
     </span>
    </p>

    <p class='ocr_par' dir='ltr' id='par_1_19' title="bbox 259 3691 950 3973">
     <span class='ocr_line' id='line_1_34' title="bbox 259 3691 487 3778; baseline -0.013 -20"><span class='ocrx_word' id='word_1_154' title='bbox 259 3691 487 3778; x_wconf 83' lang='lat' dir='ltr'><strong>Conpleetera.</strong></span> 
     </span>
     <span class='ocr_line' id='line_1_35' title="bbox 698 3797 950 3882; baseline 0.008 -20"><span class='ocrx_word' id='word_1_155' title='bbox 698 3797 950 3882; x_wconf 75' lang='lat' dir='ltr'><strong>Argyrippus</strong></span> 
     </span>
     <span class='ocr_line' id='line_1_36' title="bbox 506 3906 754 3973; baseline -0.016 0"><span class='ocrx_word' id='word_1_156' title='bbox 506 3907 606 3973; x_wconf 82' lang='lat' dir='ltr'><strong>Facio</strong></span> <span class='ocrx_word' id='word_1_157' title='bbox 628 3906 754 3972; x_wconf 86' lang='lat' dir='ltr'><strong>lubens.</strong></span> 
     </span>
    </p>

    <p class='ocr_par' dir='ltr' id='par_1_20' title="bbox 696 4011 951 4078">
     <span class='ocr_line' id='line_1_37' title="bbox 696 4011 951 4078; baseline 0.004 -2"><span class='ocrx_word' id='word_1_158' title='bbox 696 4011 951 4078; x_wconf 88' lang='lat' dir='ltr'><strong>Philaenium</strong></span> 
     </span>
    </p>

    <p class='ocr_par' dir='ltr' id='par_1_21' title="bbox 773 4118 1192 4188">
     <span class='ocr_line' id='line_1_38' title="bbox 773 4118 1192 4188; baseline 0.005 -2"><span class='ocrx_word' id='word_1_159' title='bbox 773 4119 907 4186; x_wconf 88' lang='lat' dir='ltr'><strong>Utinam</strong></span> <span class='ocrx_word' id='word_1_160' title='bbox 928 4121 976 4186; x_wconf 83' lang='lat' dir='ltr'><strong>sie</strong></span> <span class='ocrx_word' id='word_1_161' title='bbox 998 4118 1192 4188; x_wconf 77' lang='lat' dir='ltr'><strong>ecferamur.</strong></span> 
     </span>
    </p>
   </div>
   <div class='ocr_carea' id='block_1_13' title="bbox 260 4285 1387 4429">
    <p class='ocr_par' dir='ltr' id='par_1_22' title="bbox 260 4285 1387 4429">
     <span class='ocr_line' id='line_1_39' title="bbox 328 4285 1387 4364; baseline -0.001 -21"><span class='ocrx_word' id='word_1_162' title='bbox 328 4289 380 4343; x_wconf 77' lang='lat'><strong>602</strong></span> <span class='ocrx_word' id='word_1_163' title='bbox 397 4287 460 4358; x_wconf 81' lang='lat' dir='ltr'><strong>Ego</strong></span> <span class='ocrx_word' id='word_1_164' title='bbox 512 4289 564 4342; x_wconf 84' lang='grc'><strong>607</strong></span> <span class='ocrx_word' id='word_1_165' title='bbox 582 4287 665 4343; x_wconf 86' lang='lat' dir='ltr'><strong>dulae</strong></span> <span class='ocrx_word' id='word_1_166' title='bbox 682 4287 794 4343; x_wconf 80' lang='lat' dir='ltr'><strong>dulcior</strong></span> <span class='ocrx_word' id='word_1_167' title='bbox 809 4289 880 4342; x_wconf 88' lang='lat' dir='ltr'><strong>mihi</strong></span> <span class='ocrx_word' id='word_1_168' title='bbox 896 4294 929 4344; x_wconf 88' lang='lat' dir='ltr'><strong>tn</strong></span> <span class='ocrx_word' id='word_1_169' title='bbox 946 4305 983 4343; x_wconf 83' lang='lat' dir='ltr'><strong>ea.</strong></span> <span class='ocrx_word' id='word_1_170' title='bbox 1010 4286 1067 4342; x_wconf 84' lang='lat' dir='ltr'><strong>PH.</strong></span> <span class='ocrx_word' id='word_1_171' title='bbox 1087 4285 1169 4342; x_wconf 82' lang='lat' dir='ltr'><strong>Certe</strong></span> <span class='ocrx_word' id='word_1_172' title='bbox 1186 4286 1263 4364; x_wconf 89' lang='lat' dir='ltr'><strong>enim</strong></span> <span class='ocrx_word' id='word_1_173' title='bbox 1279 4289 1312 4343; x_wconf 88' lang='lat' dir='ltr'><strong>tu</strong></span> <span class='ocrx_word' id='word_1_174' title='bbox 1328 4287 1387 4342; x_wconf 85' lang='lat' dir='ltr'><strong>nita</strong></span> 
     </span>
     <span class='ocr_line' id='line_1_40' title="bbox 260 4373 379 4429; baseline -0.017 0"><span class='ocrx_word' id='word_1_175' title='bbox 260 4391 291 4429; x_wconf 80' lang='lat' dir='ltr'><strong>aa</strong></span> <span class='ocrx_word' id='word_1_176' title='bbox 307 4373 379 4428; x_wconf 89' lang='lat' dir='ltr'><strong>mihi</strong></span> 
     </span>
    </p>
   </div>
   <div class='ocr_carea' id='block_1_14' title="bbox 0 0 1482 5018">
    <p class='ocr_par' dir='ltr' id='par_1_23' title="bbox 0 0 1482 5018">
     <span class='ocr_line' id='line_1_41' title="bbox 0 0 1482 5018; baseline 0 0"><span class='ocrx_word' id='word_1_177' title='bbox 0 0 1482 5018; x_wconf 95' lang='lat' dir='ltr'><strong> </strong></span> 
     </span>
    </p>
   </div>
  </div>
 </body>
</html>
