2976 5056
597 493 628 546 V.
647 495 792 548 tao-oso.
1112 516 1122 536 ·
1197 499 1259 560 295

107 688 228 746 studet
245 688 326 746 eth.
344 689 365 747 l.
384 687 500 747 vitandi
516 687 615 746 hiabrs
634 708 723 747 cause
740 687 937 747 commendat.
954 716 997 728 —
1015 687 1087 745 626.
1110 686 1258 758 „Utinam

108 790 234 867 inquit,
259 811 292 848 re
310 793 378 869 ipsa
395 795 540 869 appareat
561 811 623 850 non
645 791 724 849 iacta
746 809 818 861 esse,
843 809 908 866 quae
927 795 962 847 tu
979 787 1083 848 dixisti
1106 785 1156 862 (de
1174 790 1261 848 Sosio

109 889 269 966 altero)“.
303 892 484 952 Schmieder.
517 891 561 951 De
584 897 695 952 omisso
718 894 755 952 ut
776 913 803 952 v.
825 893 873 950 12.
908 907 941 952 re
964 887 1110 950 eueniant
1130 911 1185 952 em.
1205 892 1260 951 Ge·

110 1013 284 1054 merarius.

211 1301 381 1378 Postquam
408 1301 549 1360 abierunt
570 1302 749 1380 Amphitryo
778 1307 809 1360 et
833 1301 933 1375 Sosia,
962 1303 1025 1360 exit
1047 1302 1190 1360 Alcmena
1212 1321 1260 1360 66·

116 1408 253 1464 mitante
282 1425 368 1463 serva
397 1404 538 1464 Thessala
566 1401 609 1478 (v.
633 1401 718 1476 763).
764 1403 906 1476 Queritur
933 1424 1031 1463 secum
1059 1403 1097 1463 de
1125 1403 1260 1463 absentia

118 1509 194 1579 viri,
213 1527 304 1584 quam
323 1513 411 1566 amat.
445 1506 599 1566 Canticum
620 1507 737 1566 creticis
759 1508 891 1566 numeris
913 1511 1111 1584 compositum
1134 1514 1179 1565 est
1201 1507 1258 1579 vel,

120 1615 159 1666 nt
177 1610 272 1686 vulgo
289 1608 401 1682 dicunt,
420 1607 592 1683 bacchiacie,
610 1608 672 1681 sed,
691 1610 716 1666 ei
735 1608 887 1668 codicibus
905 1607 989 1681 fides,
1014 1608 1164 1668 interdum
1187 1611 1259 1667 iam·

120 1711 235 1771 borum
264 1719 295 1770 at
323 1717 541 1790 anapaestomm
569 1713 740 1770 interventu
770 1711 895 1769 vitiatis.
939 1711 1024 1784 Quod
1052 1710 1092 1768 ed
1119 1729 1259 1770 66666666

123 1813 363 1890 descriptionem
385 1815 502 1886 attinet,
526 1833 544 1871 6
566 1833 593 1872 v.
618 1815 679 1872 627
703 1833 797 1890 usqne
820 1812 858 1872 ad
882 1815 941 1870 635
967 1812 1141 1872 codicemB
1164 1814 1259 1872 secuti

124 1935 238 1988 sumus,
262 1921 296 1973 nt
318 1935 422 1974 versus
444 1915 551 1974 fierent
572 1923 624 1974 aut
645 1916 813 1976 hexametri
835 1913 986 1974 bacchiaci
1009 1920 1060 1973 666
1079 1915 1116 1974 66
1138 1915 1182 1974 bis
1198 1935 1260 1974 non

127 2019 257 2077 multum
280 2019 380 2077 alieni.
424 2018 458 2077 In
480 2019 518 2076 iis
541 2025 655 2090 autern,
680 2037 746 2096 quae
769 2023 936 2095 sequnntur
958 2037 1052 2094 usque
1074 2018 1113 2076 nd
1135 2037 1162 2076 v.
1187 2019 1258 2090 642,

126 2119 172 2177 itn
195 2121 244 2178 vel
266 2121 298 2179 in
321 2121 372 2179 illo
396 2120 497 2180 codice
518 2119 641 2178 bubata
664 2125 709 2178 est
730 2138 869 2177 versuum
892 2119 1068 2197 descriptio,
1088 2125 1123 2179 nt
1138 2140 1172 2178 re
1189 2139 1260 2179 vere

127 2222 214 2280 nulla
236 2225 286 2294 sit,
311 2222 419 2280 editori
442 2227 541 2281 entem
564 2222 639 2281 nihil
662 2223 858 2298 relinquatur,
882 2223 941 2280 nisi
959 2227 994 2280 ut
1015 2220 1259 2300 probabilitatem

128 2325 261 2402 aliquam
284 2327 411 2384 rationis
434 2330 586 2403 sequatur.

217 2428 289 2486 627.
318 2415 465 2486 Minorem
498 2428 662 2505 voluptatis
696 2446 784 2502 qnam
818 2427 963 2486 molestioe
993 2432 1109 2504 portem
1137 2437 1200 2484 esee
1228 2429 1260 2485 in

129 2529 283 2588 hominnm
306 2531 369 2587 vita
391 2530 475 2588 dicit.
518 2543 571 2589 res
591 2524 783 2604 voluptatum
805 2549 823 2588 a
844 2529 965 2588 Mureto
982 2529 1051 2590 Ver.
1073 2530 1142 2588 lect.
1165 2529 1216 2602 vl,
1241 2532 1258 2588 9

129 2651 195 2690 cnm
218 2631 325 2690 Graeco
352 2633 383 2688 τὸ
410 2635 502 2708 χρῆμα
529 2634 585 2688 τῶν
612 2633 717 2702 ἡδονῶν
744 2637 950 2709 comparatum
979 2632 1071 2703 male;
1105 2632 1261 2709 „volupta-

128 2731 210 2792 tmn¹⁴
253 2735 409 2811 genetivus
448 2736 566 2809 generis
605 2741 663 2806 est,
708 2753 818 2810 „parva
852 2731 918 2792 res“
955 2739 1002 2792 est
1035 2737 1142 2812 exigua
1174 2755 1259 2813 pars3

129 2855 237 2913 parum
270 2837 462 2914 voluptatum
495 2837 527 2894 in
558 2839 622 2895 vite
651 2857 715 2894 esse
746 2835 828 2896 dicit.
855 2865 899 2878 ·-
927 2831 1015 2897 Satin
1045 2836 1259 2913 interrogando

130 2937 269 3010 affirmat,
292 2939 353 2996 fere
376 2944 412 2996 ut
434 2937 580 3011 „nonne“.
615 2939 801 3015 Frequenter
817 2941 860 2996 sic
876 2943 999 3016 ponitur
1018 2937 1100 3017 apud
1111 2939 1259 3011 Plautum,

131 3040 167 3099 of.
190 3039 277 3118 Capt.
302 3041 372 3099 646.
402 3041 469 3100 Cas.
492 3042 564 3100 280.
588 3042 660 3099 465.
685 3043 757 3099 574.
781 3041 869 3118 Epid.
896 3044 966 3102 656.
990 3041 1080 3100 Most.
1105 3044 1156 3100 73.
1181 3041 1261 3100 Men.

132 3145 202 3202 510.
229 3143 301 3202 925.
335 3142 497 3222 Minoas.
530 3143 621 3202 Mero.
648 3145 718 3202 332.
753 3143 834 3201 Poen.
859 3145 930 3202 922.
965 3142 1047 3202 Trin.
1071 3145 1143 3202 926.
1171 3145 1261 3202 1013.

129 3244 251 3304 Trncni.
271 3247 342 3304 550.
363 3273 401 3285 -
421 3247 493 3305 628.
519 3239 705 3322 hecquem,
730 3245 766 3304 cf.
785 3245 852 3304 Aul.
872 3247 945 3304 499.
969 3245 1060 3304 Most.
1075 3247 1146 3304 966.
1169 3247 1260 3304 1128.

129 3347 222 3406 Mero.
247 3350 298 3406 23.
330 3377 374 3388 -
406 3347 448 3408 Ut
480 3353 653 3408 constarent
682 3347 850 3406 hexametri
877 3347 1042 3418 66666666,
1072 3347 1262 3405 Hei-mannus

129 3469 193 3509 voc.
225 3445 459 3527 „conparatum“
495 3450 533 3508 ad
566 3449 677 3510 calcem
710 3469 814 3508 versus
847 3451 951 3508 reiecit
991 3455 1021 3507 et
1059 3452 1092 3508 in
1124 3449 1262 3526 proximo

133 3550 372 3630 „conplacitum“
403 3553 530 3629 scripsit.
576 3551 764 3612 Studemund
792 3551 828 3608 de
851 3551 980 3611 canticis
1008 3569 1038 3627 p.
1061 3552 1101 3610 49
1132 3571 1176 3627 sq.
1205 3570 1262 3628 pro

131 3655 247 3714 dnobus
269 3655 490 3733 posterioribus
514 3655 649 3714 dimetria
671 3654 835 3713 bacchiacis
857 3653 946 3712 huius
968 3672 1072 3712 versus
1095 3653 1263 3712 substituta

132 3757 204 3816 dicit
219 3757 381 3816 dimetrum
398 3757 486 3818 iamb.
505 3763 562 3816 cat.
581 3763 612 3816 et
628 3757 791 3835 tripodium
808 3755 898 3816 inmb.
917 3761 984 3828 cut,
1004 3774 1061 3834 pro
1077 3759 1176 3833 primo
1193 3775 1262 3833 pro·

132 3861 203 3917 ximi
221 3879 324 3918 versus
336 3861 429 3919 colon
446 3861 601 3920 iambicum
620 3860 871 3936 semiquinarinm.
894 3859 951 3917 Est
968 3865 1066 3918 antem
1078 3858 1173 3917 forma
1183 3859 1261 3917 hnc:

136 4169 204 4226 636.
232 4161 316 4243 Qttia
338 4165 424 4226 codd.
459 4167 523 4239 Quo
542 4172 660 4227 retento
679 4167 746 4226 fieri
769 4170 819 4226 vix
840 4171 948 4244 potest,
973 4171 1007 4226 66
1030 4167 1093 4224 haec
1115 4167 1265 4226 sententia

135 4268 170 4326 eb
191 4268 381 4328 antecedenti
402 4269 437 4328 ut
457 4268 596 4347 pendeat.
620 4265 707 4329 adsit
727 4269 929 4348 hypothetice,
953 4269 1124 4346 napayivcn'
1149 4269 1191 4341 66,
1215 4289 1264 4327 ex·

135 4371 224 4447 piioat
242 4370 482 4445 Lindemannus3
505 4370 556 4430 sed
579 4377 643 4430 tum
660 4374 691 4430 in
709 4373 804 4433 altera
820 4374 971 4432 sententie
987 4371 1177 4432 scribendum
1200 4377 1265 4430 erat
