2992 5054
120 509 143 578 1,
158 513 182 577 1,
192 510 331 564 eso-230
600 507 777 577 Amphih'uo.

579 696 804 764 Mercurius

638 807 750 874 Etiam
771 805 902 887 olomeo,
925 803 1104 872 mmuiex?

121 919 285 1003 Loquere,
308 915 387 1002 quid
408 915 552 983 uenisti?

634 1021 749 1090 Sosia

580 1131 626 1198 Ut
648 1137 748 1212 esset,
771 1150 869 1216 quem
891 1140 928 1200 tu
949 1135 1067 1218 pugnis
1089 1135 1252 1202 caederes.

579 1239 801 1308 Mercurius

123 1329 248 1407 Quoius
271 1329 329 1394 es?

635 1435 751 1502 Sosia

352 1544 601 1630 Amphitruonis
622 1546 757 1630 inquam
780 1545 883 1612 Sosis.

581 1654 803 1720 Mercurius

898 1739 987 1824 Ergo
1009 1741 1093 1806 istoe
1115 1742 1229 1825 magis,

126 1849 211 1928 Quis
232 1849 440 1931 uenssoous's,
460 1849 644 1934 nepulebis.
678 1847 749 1931 Ego
771 1870 852 1932 sum,
874 1871 940 1915 uon
962 1855 1008 1930 tu,
1032 1849 1134 1916 sosia.
1207 1859 1258 1912 3⁷5

637 1956 753 2024 Sosia

125 2066 180 2132 Ite
202 2067 236 2132 di
257 2065 392 2148 facient,
415 2071 453 2133 ut
475 2072 513 2132 tn
534 2067 644 2152 potius
666 2068 710 2132 sis
733 2071 833 2151 utque
855 2087 915 2150 ego
938 2072 972 2132 ts
993 2072 1032 2132 ut
1053 2066 1235 2133 uerberem.

582 2175 808 2242 Mercurius

124 2260 239 2326 Etiam
260 2261 398 2326 mettis?

637 2369 752 2436 Sosia

410 2477 481 2543 Iam
502 2478 630 2543 tacebo.

584 2587 808 2653 Mercurius
851 2561 855 2570 ⁴

645 2695 725 2774 Quis
748 2696 810 2761 tibi
833 2696 948 2762 erust?

640 2813 755 2881 Sosia

971 2901 1074 2980 Quem
1096 2906 1135 2966 tu
1156 2898 1259 2965 uoles.

584 3009 810 3077 Mercurius

129 3117 218 3198 Quid
240 3117 363 3202 igitur?
386 3117 443 3203 qui
464 3137 552 3184 nune
574 3118 717 3184 uouere?

641 3226 757 3292 Sosio

728 3334 832 3401 Nemo
854 3335 919 3402 nisi
940 3355 1037 3419 quem
1058 3334 1200 3401 iusseris.

583 3443 810 3511 Mercurius

130 3551 378 3635 Amphitruonis
402 3557 435 3618 te
459 3573 530 3618 esse
553 3551 667 3620 aiebas
690 3552 828 3618 Sosiam.

638 3661 755 3728 Sosia

850 3747 1084 3828 Peooeuorem3

130 3854 215 3920 Nom
237 3853 485 3940 Amphitruonis
508 3855 634 3922 socium
654 3877 742 3922 nuno
763 3877 816 3922 me
838 3877 910 3923 esse
931 3855 1024 3921 uolui
1046 3855 1164 3921 dioere.
1209 3863 1261 3918 380

584 3966 809 4031 Mercurius

132 4071 265 4138 Seibum
287 4075 439 4158 equidem
460 4073 586 4141 nullum
609 4094 682 4140 esse
703 4072 800 4139 nobis
822 4073 887 4140 nisi
905 4093 956 4138 me
974 4095 1104 4140 semum
1121 4072 1257 4140 Sosiam.

131 4181 230 4266 Fugit
250 4189 283 4249 te
306 4183 402 4249 ratio.

199 4334 250 4387 373
267 4331 406 4401 Eloquere
458 4329 570 4386 oederes
631 4331 682 4385 ete
699 4330 866 4399 uaniloquus
928 4333 979 4386 379
996 4330 1089 4384 alebas
1147 4331 1200 4384 880
1217 4346 1260 4384 so-

132 4419 204 4475 oinm
222 4435 320 4473 neme
388 4420 438 4476 tel
458 4415 586 4471 Sciebam
