2976 5056
223 489 286 552 334
696 484 876 555 Amphitruo.

220 699 328 758 pamm
346 677 489 739 credibile
508 677 656 752 videatur,
674 685 776 740 tamen
793 699 954 740 consensus
972 681 1233 757 grammaticorum
1253 679 1374 755 negari

221 801 282 841 non
297 783 423 861 patitur,
445 800 473 840 v.
492 781 636 840 Priscian.
655 781 694 855 Π,
713 803 746 860 ρ,
766 783 826 842 304
844 782 892 856 Η.,
916 783 967 859 qui
991 781 1078 840 affert
1093 781 1161 840 Ter.
1179 779 1261 840 Eun.
1284 780 1374 839 649:

226 883 352 958 „Nescio
370 884 443 962 quid
459 885 597 962 proiecto
611 883 733 944 absente
750 883 837 944 nobis
854 883 1039 943 turbatnmst
1055 880 1166 943 domi“.
1201 883 1252 942 Ad
1272 897 1374 960 quem

221 987 320 1045 locum
342 986 493 1046 Donatus:
520 986 737 1066 „Pomponium
760 985 830 1046 Sine
852 1004 924 1062 ergo
946 988 1037 1060 istuc,
1060 993 1220 1063 praesente
1243 985 1373 1056 amicis,

221 1089 301 1148 inter
322 1107 435 1150 cenam.
468 1088 564 1147 Varro
587 1089 618 1147 in
635 1087 829 1148 Marcellum:
852 1087 889 1148 Id
909 1095 1068 1168 praesente
1089 1089 1197 1166 legatis
1216 1087 1376 1148 omnibus

222 1193 355 1250 exercitu
373 1187 579 1267 pronuntiat“.
603 1189 717 1250 Nonius
734 1190 754 1250 l.
773 1190 793 1250 l.
813 1211 850 1250 ex
860 1191 986 1251 Afranio
1004 1189 1106 1250 affert:
1127 1191 1172 1264 „si
1188 1190 1236 1248 hic
1254 1186 1373 1264 (codd.

222 1289 290 1366 hac)
315 1293 438 1352 absente
455 1292 542 1352 nobis
559 1275 690 1352 uenierit
706 1289 812 1372 puer.“
848 1293 938 1371 Apud
955 1293 1083 1352 eundem
1099 1292 1210 1370 legitur
1225 1313 1255 1371 p.
1282 1293 1373 1371 1¹54:

227 1395 410 1469 „Praesente‚
440 1415 540 1454 coram
568 1395 616 1454 vel
643 1395 851 1474 praesentibus.
895 1391 1080 1475 Pomponius
1102 1395 1198 1471 Syris:
1229 1393 1374 1467 Quidam

224 1497 306 1576 apud
327 1498 424 1556 sorum
441 1504 600 1576 praesente
622 1497 752 1557 testibus
770 1497 844 1557 mihi
862 1497 1009 1558 uendidit.
1043 1499 1146 1558 Attius
1163 1497 1372 1576 Menalippa:

223 1600 279 1660 Est
301 1621 348 1660 rea
371 1601 473 1677 aliqua
495 1619 585 1678 quam
609 1597 710 1674 (codd.
734 1596 813 1676 quae)
842 1583 999 1678 praesente
1028 1600 1075 1659 his
1096 1601 1180 1678 prius
1203 1605 1373 1658 maturare

222 1705 342 1762 institit.
376 1701 547 1761 Fenestella
556 1701 720 1760 Annalium
731 1701 784 1760 lib.
797 1701 840 1760 H:
866 1706 896 1760 et
910 1701 1046 1779 quaedam
1058 1709 1129 1761 exta
1143 1700 1241 1776 (codd.
1255 1697 1369 1772 extra)

223 1811 371 1886 prasente
399 1806 475 1877 suis,
507 1805 641 1882 quasdam
670 1804 794 1864 absente
821 1805 985 1882 porreoisse
1014 1799 1114 1878 (codd.
1137 1799 1369 1883 proiecissem).

223 1909 337 1969 Novius
353 1906 456 1967 Mania
471 1907 600 1966 medica:
624 1906 667 1966 'l’e
683 1907 822 1967 uolumus
839 1906 952 1966 donare
968 1906 1047 1966 dono
1065 1906 1190 1986 pulchro
1207 1912 1369 1984 prasente

223 2007 392 2070 omnibus“.
412 2039 455 2050 -
477 2007 563 2081 Quod
579 2009 725 2086 sequitur,
744 2005 859 2088 aliquis
875 2005 1051 2088 quiequam,
1074 2010 1151 2092 nihil
1168 2015 1227 2082 est3
1251 2008 1368 2086 scripsi

225 2109 317 2174 allece.
368 2111 482 2172 Deinde
516 2130 709 2172 numerorum
738 2115 819 2171 ratio
849 2112 1004 2172 ostendere
1036 2111 1160 2172 videtur
1195 2117 1367 2171 extremam

224 2235 327 2275 versus
349 2221 464 2294 partem
494 2216 634 2273 omissam
662 2233 735 2273 esse.
786 2213 864 2273 Olim
892 2215 1089 2274 conieceram:
1128 2215 1192 2288 „hio
1221 2211 1365 2285 adfuit“;

223 2319 277 2378 sed
294 2317 502 2396 imperfectum
520 2317 693 2396 requiritur,
714 2336 807 2394 quare
818 2317 1037 2393 preferendum
1049 2323 1096 2376 est
1107 2317 1365 2394 supplementum,

224 2419 306 2499 quod
328 2440 442 2479 mecum
465 2421 641 2480 amicissime
666 2407 899 2478 'communicavit
920 2419 956 2477 V.
980 2419 1017 2478 D.
1040 2417 1234 2479 Studemund.
1262 2438 1364 2496 „prm-

223 2529 271 2582 sto
295 2520 389 2584 srat“.

313 2625 402 2683 1043.
437 2623 551 2682 Parcus
572 2630 685 2701 puncto
707 2627 807 2703 posito
829 2631 900 2703 post
927 2623 1029 2698 „dico“
1056 2623 1117 2682 ed:
1151 2624 1280 2698 „Uerum
1305 2625 1362 2702 qui

223 2725 376 2785 insimulas
403 2721 546 2804 probri?“
583 2725 766 2788 Gronovius:
800 2727 938 2801 „Uemm'
958 2728 1009 2805 qui
1031 2726 1185 2785 insimulet
1205 2723 1357 2804 probri?“

223 2828 390 2904 Utrumque
412 2827 579 2886 infeliciter.
616 2829 709 2889 Recte
725 2830 904 2890 Menoetius:
932 2829 1016 2903 „Non
1038 2847 1157 2888 causam
1186 2828 1253 2888 dico
1282 2831 1360 2905 quin

223 2926 414 3002 insimules“;
445 2931 487 2990 sic
511 2931 589 2988 enim
610 2931 826 3008 loquebantur,
855 2931 916 2992 vid.
942 2935 1012 2991 846.
1066 2930 1134 2990 Sed.
1157 2949 1221 2990 voc.
1245 2946 1359 2991 narem

107 3091 109 3094 .
223 3033 276 3090 illo
299 3033 375 3106 loco,
400 3051 459 3110 quo
481 3033 512 3092 in
536 3032 621 3092 codd.
646 3041 700 3107 eat,
723 3035 797 3092 ferri
814 3055 873 3094 non
890 3041 1006 3112 potest;
1022 3053 1122 3111 ¹quare
1138 3031 1247 3092 lloffm.
1265 3053 1295 3109 p.
1315 3034 1357 3091 42

223 3137 349 3194 traiecto
372 3134 530 3194 vocabulo:
565 3135 650 3208 „Non
673 3155 791 3195 causam
816 3135 882 3196 dico
906 3139 979 3218 quin
1001 3157 1105 3194 uerum
1128 3137 1147 3193 i.
1170 3131 1218 3213 p.“
1245 3135 1358 3194 collato

222 3259 249 3297 v.
276 3239 351 3298 852:
379 3259 443 3311 „me
466 3239 642 3297 insimulare
664 3237 770 3296 salsum
792 3238 908 3297 facinus
930 3246 992 3298 tam
1014 3235 1162 3310 melum“;
1192 3236 1266 3296 milui
1288 3257 1356 3296 voc.

194 3355 196 3360 ’
223 3347 397 3418 corruptum
418 3341 554 3414 videtur,
586 3343 709 3417 eiusque
736 3341 801 3400 loco
824 3342 993 3418 scripserim
1019 3337 1104 3414 ἑπτα
1133 3339 1186 3398 sed
1208 3343 1359 3417 praterea

223 3443 375 3502 latendum
413 3443 563 3502 obiectum
597 3461 673 3520 agre
700 3442 886 3515 desiderari;
921 3462 1014 3520 quare
1050 3449 1102 3501 aut
1139 3440 1221 3515 „me“
1259 3439 1355 3516 (med)

222 3546 421 3620 scribendum,
445 3551 498 3604 aut
520 3565 586 3606 oum
603 3543 711 3604 Hoffm.
735 3540 909 3606 insimulet
943 3545 1051 3623 Nuper.
1065 3545 1242 3617 Quicherat:
1269 3545 1354 3617 „Non

223 3667 341 3707 oausam
370 3649 450 3722 dico,
481 3650 543 3722 uir,
575 3651 648 3725 quin
676 3648 829 3707 insimules
858 3647 991 3726 probri.“
1017 3677 1061 3688 --
1087 3649 1178 3707 1044.
1201 3647 1271 3706 llaec
1294 3667 1355 3724 quo
1482 3695 1483 3722 p

222 3749 402 3828 pertineant,
425 3751 573 3810 incertum
596 3757 651 3810 est.
686 3750 794 3810 Hoffm.
813 3771 843 3829 p.
863 3751 903 3809 46
921 3751 1090 3827 suspicatus
1109 3755 1156 3807 est
1171 3749 1354 3822 Alcmenam,

143 3863 149 3876 ·
221 3859 373 3931 utsupra
395 3873 422 3911 v.
447 3855 509 3912 922
533 3873 593 3930 sq.,
623 3855 665 3912 sic
687 3853 735 3912 hic
758 3873 877 3932 quoque
905 3852 1018 3911 dixisse
1045 3872 1077 3910 se
1104 3851 1223 3910 domum
1254 3850 1354 3909 mariti

222 3955 396 4013 relicturam
419 3975 491 4028 esse,
517 3955 766 4032 Amphitryonem
789 3961 889 4015 autem
912 3955 957 4014 his
979 3955 1080 4014 verlris
1102 3953 1298 4030 respondere,
1322 3973 1354 4011 se

222 4076 287 4115 eam
309 4076 368 4115 non
390 4059 512 4116 morari.

307 4261 379 4319 Tria
402 4279 467 4338 qua
496 4265 662 4339 sequuntur
690 4263 858 4337 fragmenta
885 4263 1040 4340 pertinent
1062 4261 1099 4318 ad
1122 4279 1240 4320 scenam
1264 4280 1354 4338 quam

221 4366 349 4423 maxime
359 4365 526 4436 uictoriam,
551 4382 611 4440 qua
628 4363 765 4442 Iuppiter
777 4370 808 4422 et
817 4365 996 4442 Amphitryo
1014 4385 1080 4423 cum
1097 4382 1211 4423 summo
1223 4363 1355 4422 convicio
