2960 5038
259 479 320 540 222
716 472 926 546 Prolagomcna

257 673 374 747 potuit,
397 689 425 727 v.
449 689 478 745 p.
504 671 565 727 220
593 671 735 745 „gratiam
762 667 890 743 habeo“‚
914 670 1002 728 Most.
1030 671 1127 730 1146:
1161 673 1300 748 „supplici
1333 673 1391 732 ha·

256 771 342 846 beo“‚
360 772 467 830 Pseud.
482 772 558 830 346:
580 771 768 848 „quindecim
786 770 916 844 haheo“;
935 792 1028 848 porro
1046 778 1115 832 ante
1136 773 1254 846 „husta“
1272 775 1392 832 Bacch.

257 876 328 934 426.
352 875 443 933 Most.
460 875 528 947 148,
552 881 620 933 aute
641 872 813 948 „hostibus“
840 875 905 933 Mil.
918 876 947 948 4,
971 881 1040 934 ante
1060 875 1195 952 „Hegio“
1213 877 1292 953 (lapt
1308 879 1389 936 335.

256 977 444 1036 Pronominis
467 997 495 1052 q.
520 997 544 1034 e.
573 975 655 1048 „hic“
680 978 769 1054 plura
790 978 926 1056 exempla
947 997 1038 1054 supra
1058 998 1088 1055 p.
1109 981 1171 1038 219
1195 981 1366 1038 attulimus.

340 1080 375 1137 In
402 1097 494 1156 prosa
524 1083 659 1138 oratione
685 1085 773 1156 post
800 1082 1028 1138 sententiam
1051 1081 1203 1140 finitam
1224 1103 1317 1159 pausa
1341 1081 1391 1154 fit,

255 1175 320 1240 nec'
339 1181 456 1239 vocales
490 1181 616 1240 duarum
649 1183 865 1242 sententiarum
893 1185 1128 1258 coniunguntur3
1156 1188 1270 1262 poeta,
1296 1187 1325 1242 si
1355 1187 1391 1242 in

255 1283 352 1342 medio
374 1301 462 1341 versu
483 1283 587 1342 finitur
609 1286 764 1358 sententia,
788 1304 912 1363 pausam
934 1306 995 1344 nou
1017 1287 1144 1360 faciunt,
1168 1307 1223 1345 nec
1242 1307 1295 1364 per
1316 1307 1388 1344 eam

254 1405 372 1444 causam
400 1387 499 1444 miuus
526 1386 697 1464 aynaloephe
724 1389 872 1448 vocalium
899 1387 942 1446 fit.
982 1389 1070 1446 'Fieri
1097 1394 1211 1466 potest,
1235 1395 1270 1448 ut
1289 1391 1389 1448 comi·

254 1507 354 1546 corum
383 1490 478 1547 oratio
507 1490 635 1547 sermoni
663 1491 791 1549 similior
817 1491 872 1548 hoc
898 1491 995 1550 minus
1023 1492 1229 1550 observaverit
1255 1499 1286 1550 et
1310 1499 1389 1568 post

252 1589 367 1649 finitam
400 1594 579 1650 sententiam
611 1592 763 1651 interdum
795 1593 911 1651 hiatum
944 1593 1107 1652 admiserit.
1158 1593 1297 1652 Defendit
1327 1595 1388 1653 hoc

252 1691 390 1772 Spengel.
424 1714 453 1771 p.
485 1696 545 1753 218
580 1715 660 1773 sqq,
695 1697 880 1772 impugnavit
906 1694 1024 1754 Muller.
1059 1715 1088 1772 p.
1119 1698 1180 1754 6⁷5
1212 1715 1292 1774 sqq.;
1328 1696 1386 1756 sed

251 1797 352 1856 multis
374 1797 519 1875 exemplis
542 1798 661 1856 reiectis
683 1803 783 1855 tamen
805 1817 864 1856 uon
885 1817 982 1875 pauca
1004 1804 1127 1857 restant.
1168 1799 1280 1875 Aliqua
1301 1805 1385 1858 attu-

249 1899 338 1958 limus
360 1919 451 1977 supra
472 1920 502 1977 p.
528 1901 605 1973 220;
628 1901 687 1958 alia
708 1921 735 1958 v.
753 1901 861 1978 Amph.
883 1902 958 1959 343:
987 1899 1070 1972 „Huc
1092 1921 1142 1977 eoq
1165 1903 1209 1959 eri
1232 1921 1296 1960 sum
1318 1921 1385 1959 ser·

249 2000 334 2060 uos“.
380 2002 445 2061 Cas.
471 2003 565 2062 5502·
585 2001 663 2075 „Sed
691 2023 813 2062 uxorem
842 2009 911 2062 aute
939 2003 1021 2062 aedis
1049 2023 1157 2062 eccam.
1201 2003 1241 2062 Ei
1270 2007 1383 2062 misero

249 2103 359 2164 mihi‘¹.·
386 2105 467 2164 Posn.
485 2107 560 2164 569:
589 2106 663 2179 „fo
686 2107 806 2185 quidem
829 2106 929 2165 hercle
945 2107 1048 2164 -fta
1064 2107 1227 2182 pauxillast
1243 2136 1287 2146 -
1301 2105 1382 2182 digi-

249 2209 322 2266 tulis
342 2207 543 2286 primoribus“
570 2209 607 2268 al.
1455 2225 1456 2228 ’

333 2310 440 2370 Inter
461 2311 611 2371 finitam
633 2312 794 2371 alterius
816 2302 985 2388 p'ersonae
1008 2314 1220 2370 orationem
1237 2317 1274 2370 et
1290 2311 1380 2370 iuci-

248 2414 412 2489 pientem
450 2415 611 2474 alterius
643 2416 757 2477 hiatum
791 2415 912 2474 concedi
943 2414 1081 2492 Spengel.
1115 2431 1184 2492 pag.
1215 2415 1274 2472 201
1310 2433 1378 2490 sqq.

250 2514 391 2588 affirmat,
422 2522 513 2593 negat
540 2517 658 2576 Muller.
687 2537 717 2595 p.
743 2519 804 2576 628
834 2537 915 2595 sqq,
950 2537 1003 2576 nee
1036 2517 1199 2576 infeliciter
1231 2518 1379 2594 pleraque

248 2617 383 2693 exempla
412 2624 552 2677 removet.
597 2619 668 2677 Hac
696 2639 813 2696 quoque
841 2621 962 2679 licentia
989 2613 1049 2679 non
1079 2622 1198 2678 omnino
1228 2639 1247 2677 a
1268 2618 1377 2676 Plauto

247 2718 447 2778 ahiudieanda
474 2726 533 2794 est,
562 2721 615 2778 sed
642 2724 762 2781 minime
791 2723 930 2800 frequens
958 2728 1017 2795 est,
1052 2741 1105 2780 nec
1140 2727 1194 2779 sut
1226 2721 1377 2797 poematis

246 2821 434 2880 iucunditate
457 2822 687 2896 commendatur,
711 2827 737 2882 si
760 2827 880 2902 quidem
903 2825 1039 2884 celeriter
1062 2829 1093 2882 et
1110 2825 1274 2882 sine.omni
1290 2823 1376 2882 hasi-

246 2927 360 2981 tatione
384 2923 533 3002 colloquia
556 2925 713 2984 decurrere
736 2926 854 3000 dehent,
878 2933 944 3000 aut,
969 2926 1050 3004 quod
1071 2931 1221 3004 putarunt
1244 2925 1375 3003 quidm,

246 3027 290 3083 rei
314 3032 422 3085 natura
445 3033 475 3085 et
498 3027 709 3086 commoditate
739 3030 1006 3105 pronuntiationis3
1031 3029 1119 3087 immo
1142 3048 1209 3104 quae
1231 3031 1284 3087 uni
1306 3047 1374 3106 per-

245 3147 324 3186 sonae
352 3128 511 3189 difficultas
540 3135 586 3188 est
599 3129 740 3193 ,duarum
767 3131 949 3206 syllabarum
981 3133 1105 3190 iunctim
1137 3129 1374 3209 pronuntianda·

244 3251 319 3304 rum,
344 3251 380 3290 ea
402 3231 516 3290 duabus
538 3233 674 3310 personis
697 3252 758 3292 uon
780 3232 873 3292 adest.
908 3233 1016 3292 Hiatus
1036 3234 1172 3310 exempla
1188 3233 1250 3292 vid.
1261 3231 1371 3310 Amph.

245 3333 316 3392 382.
341 3335 412 3393 798.
446 3335 529 3393 Asin.
554 3336 626 3394 726.

328 3435 430 3496 Poetis
452 3437 596 3515 imprimis
618 3457 720 3496 versus
743 3441 823 3498 ratio
843 3439 983 3497 habenda
999 3443 1053 3497 est.
1087 3436 1190 3496 Finito
1207 3457 1298 3496 versu
1315 3453 1371 3496 vox

242 3535 323 3596 finiri
356 3538 458 3613 debet,
493 3559 548 3598 nec
580 3539 712 3616 syllabas
745 3539 871 3600 duorum
904 3561 1042 3600 versuum
1076 3541 1258 3615 coniungere
1291 3539 1368 3598 licet.

243 3640 340 3713 Quare
357 3641 413 3700 hoc
432 3641 553 3718 quidem
570 3642 638 3702 loco
660 3643 760 3702 hiatus
782 3663 819 3702 ue
842 3645 1032 3702 excusatione
1055 3641 1175 3720 quidem
1198 3647 1278 3717 aget.
1314 3638 1369 3700 Sed

241 3744 333 3802 etism
354 3745 387 3802 in
408 3743 509 3802 medio
525 3763 672 3818 versuum,
696 3765 797 3804 eorum
820 3745 949 3822 quidem,
974 3747 1025 3823 qui
1048 3746 1199 3806 constanti
1222 3742 1369 3802 dieresi

241 3843 378 3920 bipertiti
400 3851 482 3918 sunt,
506 3847 605 3906 hiatus
629 3848 810 3922 adrnittitur‚
835 3851 854 3908 i.
879 3869 905 3908 e.
928 3849 960 3907 in
986 3849 1146 3908 octonariis
1173 3846 1312 3906 iambicis
1340 3849 1369 3902 et

240 3946 397 4005 trochaicis
419 3953 490 4023 post
512 3949 636 4008 alteram
659 3949 819 4026 dipodiam‚
842 3973 897 4010 nec
915 3953 1012 4010 minus
1031 3953 1062 4008 in
1079 3951 1276 4027 septenariis3
1297 3950 1366 4006 item

239 4051 271 4106 in
294 4051 411 4108 creticis
432 4053 625 4110 tetrametris.
665 4052 780 4111 Senarii
802 4057 927 4113 veroin
951 4073 1089 4114 caesura
1110 4053 1225 4111 hiatum
1247 4051 1367 4129 patiun-

239 4156 302 4224 tur,
326 4153 453 4211 maxime
475 4155 507 4210 in
528 4156 619 4212 tertio
642 4157 732 4231 pede,
762 4157 814 4216 sed
842 4176 901 4215 non
929 4176 1089 4236 numquam
1118 4157 1207 4214 etiam
1235 4156 1268 4212 in
1291 4154 1364 4224 aliis,

239 4253 302 4312 vid.
323 4275 415 4332 supra
435 4275 464 4332 p.
492 4257 561 4314 183.

323 4357 398 4415 Alia
425 4359 559 4416 rationes
587 4361 738 4436 exipsius
760 4365 905 4421 sermonis
928 4369 959 4422 et
980 4363 1236 4442 pronuntiationis
1258 4368 1367 4425 satura

237 4458 407 4535 repetenda
439 4465 517 4517 sunt.
574 4460 622 4519 Sic
660 4463 952 4525 interiectiones
992 4488 1082 4546 quum
1120 4469 1298 4546 plerumque
1332 4472 1364 4526 ut
