2976 5056
631 503 663 556 v.
682 505 740 558 ⁶⁹0·
1188 512 1248 573 291

100 692 258 768 fortius“‚
283 695 336 754 ubi
358 697 481 773 proprie
507 695 583 769 „sit“
610 699 752 757 omissum
774 703 830 771 est,
853 717 921 757 nam
941 699 1106 759 antecedit:
1134 700 1250 779 „Siqui-

100 796 182 855 dem
206 797 311 856 hercle
332 796 461 876 possis“.
507 799 576 872 His,
605 819 671 877 quae
694 800 813 860 Brixius
841 801 959 875 attulit,
988 801 1138 862 addantur
1160 802 1249 881 Epio.

102 899 195 957 659:
225 901 348 972 „Alium
370 900 427 960 tibi
449 907 480 960 te
502 904 608 962 melius
626 904 763 962 comitem
782 901 944 980 querere“.
974 902 1054 963 Poen.
1069 906 1144 964 571:
1172 905 1251 978 „Ad-

100 1009 241 1061 uocatos
263 1003 372 1062 melius
395 1003 532 1064 duocrc“.
579 1006 655 1064 680:
689 1005 793 1077 „Nunc
820 1011 851 1064 ta
879 1005 964 1064 illum
985 1006 1090 1066 melius
1113 1005 1249 1084 capere“.

103 1105 192 1163 682:
222 1104 316 1176 „Cum
339 1105 409 1165 illoc
432 1112 463 1164 te
484 1106 590 1164 melius
613 1106 727 1184 loqui“.
773 1107 909 1185 Denique
932 1109 1022 1185 v'ulgo
1043 1109 1251 1186 frequentatur

100 1201 247 1281 luctum,
271 1207 354 1265 Trin.
381 1211 451 1266 127.
475 1210 547 1268 429.
571 1207 660 1287 Epid.
682 1211 753 1269 696.
777 1210 858 1269 Poen,
880 1211 970 1269 1070.
994 1211 1062 1270 Ter.
1081 1209 1157 1271 Eun.
1178 1213 1249 1271 708.

101 1308 226 1368 Heaut.
254 1311 332 1383 56&
359 1310 486 1382 „bonum
509 1308 639 1370 factum¹‘
665 1311 746 1375 Poen.
773 1313 812 1370 16
835 1313 890 1384 al.;
913 1311 1007 1372 Stich.
1033 1315 1110 1372 376:
1137 1312 1250 1386 „Nimis

102 1412 230 1472 sactum
254 1409 360 1470 bcue“.
406 1413 487 1471 Pers.
512 1415 589 1472 772:
624 1412 706 1486 „Tua
731 1414 843 1472 factum
873 1412 996 1490 opera“.
1040 1411 1146 1474 Bacch.
1173 1418 1249 1474 291:

108 1514 286 1586 „Similiter
306 1515 418 1573 factum
442 1535 460 1572 a
482 1513 598 1573 nobis“.
632 1515 721 1574 Most.
736 1517 791 1574 32:
819 1515 959 1590 „Uirtute
981 1517 1012 1574 id
1036 1518 1146 1576 lactum
1164 1516 1248 1577 tua“.

104 1615 196 1674 Brix.
221 1615 308 1675 addit
329 1619 420 1676 otiam
442 1615 527 1694 Capt.
555 1618 624 1676 176.
659 1617 727 1678 Ter.
749 1617 826 1676 Eun.
851 1620 927 1678 288:
961 1619 1074 1692 „facete
1103 1617 1247 1680 dictum“.

105 1717 224 1778 Bacch.
250 1720 326 1778 205:
353 1717 484 1792 „Scitum
506 1715 614 1778 istuc“.
650 1718 707 1778 Sed
729 1722 775 1778 its
796 1720 950 1779 oculorum
973 1723 1036 1778 eius
1059 1722 1151 1780 aciem
1173 1741 1249 1798 praa-

107 1823 240 1880 strinxit
261 1821 417 1880 Ritechelii
441 1823 614 1893 auctoritas,
632 1828 667 1878 nt
684 1821 721 1880 da
739 1823 805 1900 ipsc
820 1843 853 1880 re
871 1822 1010 1881 dubitare
1027 1843 1088 1881 non
1105 1821 1247 1897 cuderet3

108 1931 234 1982 tantum
257 1925 348 1984 aliter
370 1923 574 2002 explicandam
599 1943 663 1982 esse
687 1924 835 1982 censebat.
869 1924 974 1985 Omitti
994 1927 1072 1984 cuim
1091 1926 1166 1985 dicit
1183 1945 1249 1983 ver-

108 2027 187 2085 bum
216 2027 438 2086 substantivum
461 2029 492 2086 in
514 2026 663 2100 formulis,
688 2045 754 2104 quae
777 2027 989 2087 exclamationi
1012 2047 1102 2105 quam
1124 2029 1248 2102 integras
1290 2045 1293 2050 ·

110 2131 276 2188 sententias
307 2128 465 2188 similiores
494 2131 568 2202 sint;
597 2149 700 2188 eorum
729 2133 841 2203 autem,
871 2149 936 2206 quoe
964 2131 1081 2203 attulit,
1105 2131 1248 2206 pleraque

113 2230 387 2290 exclamationibus
399 2231 623 2290 adnumeranda
634 2237 747 2305 censet;
765 2236 837 2310 quin
855 2234 945 2291 etiem
967 2233 1104 2306 „minime
1120 2229 1245 2290 mirum⁴⁴

112 2339 145 2392 et
179 2353 257 2406 „nou
286 2334 395 2412 edepol
423 2332 547 2393 mirum“
580 2353 635 2410 pro
665 2337 840 2394 accusativis
868 2335 968 2394 habet.
1013 2333 1159 2406 Quodne
1182 2334 1248 2392 aliis

112 2455 313 2514 persuasurus
347 2438 401 2508 sit,
436 2438 573 2514 equidem
606 2457 667 2496 uon
701 2457 823 2510 vereor3
857 2437 931 2496 mihi
965 2436 1084 2513 quidem
1119 2443 1149 2494 ct
1182 2455 1248 2512 qum

112 2539 236 2596 Brixius
267 2539 371 2598 attulit
399 2543 431 2596 et
457 2541 552 2615 magis
582 2541 673 2599 etiam
702 2560 768 2618 quae
791 2539 840 2598 hic
869 2545 1058 2600 accesserunt
1084 2538 1159 2598 nihil
1181 2557 1248 2596 cum

113 2642 332 2700 exclamatione
350 2640 492 2699 videntur
508 2660 660 2701 commune
677 2641 796 2705 habere.
825 2641 892 2700 Non
907 2643 1000 2719 igitur
1011 2642 1114 2701 Brixio
1127 2641 1247 2700 creden·

114 2745 186 2802 dum
198 2749 245 2802 est
255 2744 394 2802 Plautum
411 2745 442 2801 in
460 2742 661 2802 locutionibus
679 2745 797 2803 cortem
813 2745 870 2817 est,
882 2759 948 2821 par
966 2745 1022 2818 est,
1043 2759 1172 2822 aequom
1191 2743 1246 2830 est,

114 2841 230 2905 coelius
253 2847 310 2920 est,
326 2842 437 2920 rorico
460 2845 515 2918 est,
540 2860 617 2920 ma
641 2847 702 2919 est,
727 2862 804 2906 usus
826 2847 875 2906 est
895 2846 1102 2923 similibusque
1124 2846 1248 2904 verbum

113 2947 337 3006 substantivum
360 2967 522 3026 numquam
544 2948 690 3006 omittere.
730 2945 876 3021 „Melius“
902 2949 1031 3008 vidimus
1054 2948 1143 3025 Epid.
1169 2951 1246 3019 659:

119 3047 270 3122 „certnm“
297 3055 382 3110 extat
398 3047 491 3109 Merc.
512 3052 550 3108 39
577 3047 681 3123 („illuo
704 3051 819 3108 ronorti
838 3047 1003 3123 certum“);
1027 3065 1108 3127 opus
1130 3051 1247 3127 saepius,

115 3158 151 3210 ut
172 3152 265 3212 Most.
291 3155 368 3211 253:
406 3153 498 3228 „quid
527 3171 646 3212 cerussa
673 3173 741 3211 uam
768 3149 882 3229 opus?“
920 3151 1012 3210 Mero.
1038 3153 1113 3210 390:
1147 3149 1248 3224 „Nihil

116 3273 192 3332 opus
221 3255 309 3313 nobis
339 3253 478 3314 aucille“.
523 3255 587 3312 Mil.
614 3255 689 3312 916:
728 3255 951 3328 ‚,materinrius,
983 3253 1064 3331 quod
1093 3271 1168 3328 opus
1195 3253 1247 3328 qui

117 3355 198 3417 det¹‘.
232 3357 342 3435 Amph.
362 3359 434 3416 963.
452 3357 490 3416 al.
525 3356 570 3415 De
589 3356 649 3414 illis
670 3361 768 3414 eutem
791 3377 844 3414 cur
865 3355 1047 3428 dubitamus,
1071 3373 1162 3432 quum
1184 3353 1247 3412 haec

114 3460 265 3520 videmus:
299 3460 380 3519 Poeu.
405 3460 482 3518 740:
520 3458 625 3532 „Haud
654 3457 776 3518 dubium
804 3457 835 3515 id
864 3455 1016 3535 quidem“.
1051 3456 1143 3515 Most.
1168 3457 1245 3513 282:

118 3565 253 3634 „Aurum
281 3569 371 3638 turpe
399 3558 550 3620 mulieri“.
596 3561 667 3619 Cist.
692 3563 770 3619 473:
808 3559 877 3633 „Nil
899 3579 1013 3618 mecum
1034 3555 1122 3617 tibi“.
1168 3559 1246 3615 495:

118 3665 223 3737 „Unde
257 3664 319 3724 haec
347 3661 519 3742 gentium‘?“
567 3661 686 3721 Trucul.
712 3664 787 3721 795:
826 3660 922 3734 „Puer
956 3661 1075 3738 quidem
1108 3657 1245 3719 beatus“.

115 3765 207 3825 Stich.
234 3769 288 3825 35:
327 3767 393 3839 „hic
419 3767 528 3825 tertius
556 3764 668 3825 annus“
707 3762 800 3841 (quod
834 3783 892 3822 nou
925 3762 1076 3822 refutatur
1103 3781 1138 3820 eo
1167 3761 1247 3839 quod

114 3867 195 3927 Men.
220 3869 279 3926 231
316 3875 362 3926 cst
398 3868 465 3941 „hic
499 3887 593 3927 annus
627 3865 770 3940 sextust“,
811 3886 880 3924 uam
919 3871 1079 3942 utrumque
1112 3861 1246 3937 dicitur).

115 3969 224 4048 Amph.
239 3971 316 4028 569:
343 3990 409 4043 „res
430 3971 476 4029 uti
499 3970 578 4028 facta
600 3967 698 4028 dico“.
722 3969 795 4028 Cist.
812 3971 887 4026 119:
914 3967 1008 4041 „Mihi
1027 3969 1092 4026 uisa
1110 3965 1247 4038 amare“;

3 4112 4 4127 i
116 4073 151 4130 cf.
168 4071 247 4130 Eun.
265 4073 374 4132 Annal.
392 4073 415 4144 1,
439 4073 476 4130 fr.
496 4073 546 4145 34,
572 4093 597 4130 e.
617 4073 673 4130 40:
702 4071 796 4143 „Nam
819 4091 865 4128 me
887 4072 970 4128 uisus
991 4071 1153 4129 homo...
1178 4089 1247 4146 rep·

115 4173 209 4233 tcre“.
244 4173 310 4232 Ter.
328 4175 422 4234 Andr.
444 4177 519 4233 970:
547 4173 656 4247 „Peter
679 4175 790 4232 amicus
813 4191 943 4231 summus
965 4169 1084 4231 uobis“.
1118 4171 1245 4248 Adelph.

118 4279 171 4335 96:
199 4276 339 4350 „Nullum
363 4277 450 4335 huius
473 4277 569 4335 simile
591 4274 732 4336 lactum“.
777 4275 883 4352 Itaque
903 4272 1103 4333 confitendum
1126 4278 1173 4330 est
1195 4273 1246 4330 ad·
1338 4274 1345 4280 '

116 4379 235 4438 modum
263 4379 451 4455 frequentem
480 4399 543 4438 esse
571 4377 652 4456 apud
680 4378 818 4438 Plautum
847 4379 1035 4436 omissionem
1063 4374 1148 4435 verbi
1176 4373 1246 4432 sub·

992 4489 1039 4545 19*
