2976 5056
197 477 259 536 308
672 469 849 540 Amphitruo.

197 663 377 741 accipiam'?“
425 663 515 722 Most.
540 665 617 722 204:
657 663 734 737 „Cur
760 685 822 723 non
850 661 988 723 curem?“
1038 665 1115 723 569:
1153 658 1332 735 „Abeem?“

149 777 154 788 '
198 770 274 827 610:
309 763 488 840 „Iubeam'?“
536 765 644 825 Pseud.
669 768 748 825 288:
782 765 975 844 ,Subriperet
1002 767 1051 824 hic
1079 763 1199 843 petri‘?“
1249 767 1334 824 290:

201 869 304 948 „Egon
331 872 412 948 patri
439 867 595 945 subripere
615 871 730 946 possim
752 867 952 946 quicquam?“
1007 869 1083 926 486:
1117 867 1198 940 „Abs
1220 873 1251 925 te
1273 887 1335 944 ego

197 969 370 1030 6111616161ιι
404 969 487 1030 Pers.
507 973 583 1029 339:
611 970 706 1044 „Tuin
723 973 837 1030 ventris
855 989 943 1028 cause
960 967 1050 1028 liliam
1067 968 1180 1028 vendas
1202 967 1331 1028 tuam?“

199 1075 275 1132 635:
303 1073 393 1145 ,Quae
417 1069 541 1150 (petria)
565 1072 638 1130 mihi
661 1073 780 1131 sitnisi
802 1072 874 1145 haec,
898 1071 949 1129 ubi
972 1091 1049 1131 nunc
1072 1069 1176 1131 sum?“
1208 1072 1334 1130 Trucul.

199 1177 274 1233 615:
303 1173 418 1247 ,Quidl
441 1195 531 1233 manu
550 1171 852 1234 uicerim?“-743.
866 1169 992 1234 Mirum
1009 1171 1085 1251 quire
1104 1180 1160 1232 etc.
1197 1174 1332 1248 „Mirum

198 1273 261 1334 est“
288 1278 386 1354 inquit
407 1277 559 1355 ,prolecto
583 1297 701 1335 servum
724 1275 844 1336 domino
862 1296 923 1336 non
941 1275 1175 1350 contradicere“,
1198 1279 1333 1350 ironice3

199 1379 394 1439 61611186.
419 1379 489 1436 Cist.
516 1381 585 1438 562.
609 1378 702 1437 Mero.
727 1381 797 1438 200.
821 1379 903 1437 Pers.
930 1381 1000 1438 340.
1024 1379 1101 1438 Rud.
1130 1380 1220 1437 1393.
1244 1380 1331 1438 Trin.

199 1483 270 1539 967.
295 1483 366 1539 495.
389 1512 432 1521 -
455 1483 525 1538 746.
550 1477 897 1558 16611111116116966.
936 1478 1036 1560 Quom
1057 1501 1112 1559 pro
1137 1479 1328 1557 „quererer

199 1589 251 1640 aut
282 1579 399 1660 ,qu0(l“
433 1604 497 1641 cum
525 1583 687 1641 indicativo
714 1585 839 1660 ponitur
869 1584 949 1662 apud
972 1584 1113 1642 Plautum
1143 1603 1201 1642 non
1231 1585 1333 1643 solum

199 1691 269 1763 post
303 1684 453 1760 gaudendi
486 1684 591 1756 verba,
626 1705 653 1742 v.
683 1705 774 1762 supra
801 1685 839 1744 ad
869 1685 946 1758 636,
976 1686 1029 1743 sed
1058 1685 1148 1744 etiem
1176 1685 1260 1758 alibi;
1291 1687 1330 1744 cf.

184 1765 291 1865 ¹supra
317 1790 386 1860 129,
409 1787 487 1844 iufra
507 1789 603 1845 1150:
632 1807 739 1864 „quom
759 1807 824 1845 sum
841 1784 1009 1864 Iuppiter“.
1043 1788 1127 1845 Asin.
1147 1789 1202 1846 79:
1230 1788 1332 1862 ,Prte-

199 1891 301 1948 sertim
326 1909 478 1967 quom...
502 1886 638 1946 habuit“.
674 1891 728 1947 el:
761 1890 874 1962 „Quom
897 1909 943 1948 me
967 1887 1072 1947 adiit“.
1118 1889 1224 1948 Bacch.
1250 1892 1330 1950 531:
1371 1883 1375 1893 ’

205 1993 330 2064 „Saluos
353 2012 443 2069 quom
466 2010 590 2068 peregre
613 1991 745 2064 aduenis,
763 1991 845 2049 Cena
861 1989 979 2049 detur“.
1009 1991 1128 2051 Trucul.
1149 1994 1218 2050 358.
1243 1991 1331 2070 Capt.

201 2096 277 2152 421:
305 2115 413 2171 „quom
437 2099 556 2170 optume
577 2090 705 2170 fecisti“.
751 2095 827 2152 988:
861 2112 968 2170 „quom
996 2111 1050 2168 ego
1077 2093 1146 2172 plue
1172 2094 1333 2171 minusque

200 2193 286 2254 feci“.
320 2195 410 2254 Most.
438 2197 511 2254 164:
539 2215 648 2273 „quom
670 2195 772 2274 lepide
793 2201 858 2254 tute
880 2193 940 2254 ee“.
985 2195 1077 2254 Mero.
1103 2197 1179 2254 513:
1208 2195 1332 2270 „Bonae

200 2298 308 2360 hercle,
326 2303 356 2356 16
385 2298 463 2375 frugi
493 2298 623 2372 arbitro,
653 2319 671 2356 a
698 2303 816 2356 matura
848 2297 906 2356 iem
935 2297 1004 2356 inde
1028 2302 1125 2356 estete
1148 2279 1243 2369 Quom
1271 2299 1331 2357 scis

200 2401 297 2458 facere
326 2399 455 2458 officium
484 2397 599 2459 tuum“.
644 2399 751 2458 Pseud.
776 2401 852 2458 293:
887 2419 994 2475 „quom
1016 2401 1160 2477 pietatem
1182 2405 1213 2458 16
1236 2402 1331 2460 amori

200 2501 288 2559 uideo
310 2507 362 2558 tuo
384 2499 608 2578 praeuortere“.
655 2505 730 2561 828:
768 2501 850 2576 „Hoc
877 2501 924 2560 hic
953 2501 1075 2579 quidem
1104 2502 1238 2560 homines
1267 2507 1329 2560 tam

200 2603 318 2660 brevem
346 2605 438 2661 vitam
469 2605 584 2677 colunt,
615 2604 709 2676 Quom
737 2604 824 2661 hasce
852 2603 961 2662 herbas
989 2603 1159 2663 huiusmodi
1188 2605 1219 2662 in
1242 2624 1331 2662 suum

200 2703 299 2762 aluom
322 2701 514 2781 congerunt“.
559 2708 635 2764 911:
665 2725 772 2783 ,quom
794 2711 825 2763 16
848 2705 1014 2764 adiutorem
1036 2712 1203 2784 genuerunt
1225 2703 1330 2764 mihi“.

200 2805 325 2882 Copiose
348 2806 423 2864 hane
446 2825 508 2864 rem
532 2812 701 2865 tractarunt
718 2807 861 2880 Liibbert,
885 2807 1120 2866 Grammatische
1139 2807 1266 2866 Studien
1288 2807 1330 2882 H,

201 2913 230 2963 et
254 2907 432 2966 Autenrieth
455 2909 486 2966 in
503 2909 610 2967 Annel.
634 2909 737 2986 philol.
761 2909 820 2968 vol.
844 2911 989 2988 supplem.
1008 2909 1058 2969 vl.
1083 2941 1125 2950 -
1149 2911 1220 2969 747.
1244 2907 1332 2987 equi·

201 3003 279 3083 rlcm,
303 3008 362 3068 vid.
387 3009 424 3067 ad
447 3030 475 3069 v.
498 3013 570 3070 757.
595 3043 636 3051 —
658 3007 748 3086 s‘psus
770 3009 924 3071 6111111116
946 3015 1034 3070 etiam
1058 3012 1081 3069 B
1104 3032 1181 3070 man.
1206 3032 1264 3070 sec.
1288 3043 1333 3052 -

202 3113 271 3170 748.
301 3107 360 3188 Qui
382 3127 464 3172 1111111
486 3113 549 3172 6611.
574 3114 611 3186 Β,
636 3119 707 3172 cett.
735 3116 825 3190 „quin
847 3112 960 3186 nunc“;
985 3114 1072 3173 Both.
1097 3121 1126 3172 et
1148 3116 1333 3192 posteriores

204 3209 405 3290 Quirinum,
437 3215 517 3293 quod
540 3216 645 3292 probo,
669 3217 804 3291 quamvis
827 3216 910 3274 illam
933 3217 1059 3274 formum
1081 3217 1112 3273 in
1134 3215 1243 3274 Pseud.
1270 3219 1332 3274 164

201 3334 365 3391 congruens
390 3319 524 3376 codicum
556 3324 586 3375 61
606 3318 795 3395 palimpsesti
818 3337 977 3376 consensus
1000 3324 1131 3376 tueatur.
1177 3318 1334 3376 Posterior

200 3418 289 3476 huius
311 3439 413 3477 versus
437 3439 506 3496 pars
528 3422 671 3498 priorque
694 3422 846 3495 sequentis
869 3420 979 3478 excidit
1001 3421 1032 3478 in
1051 3419 1083 3492 B,
1107 3419 1158 3478 sed
1181 3422 1333 3498 posterior

200 3540 304 3578 manus
327 3523 358 3578 in
381 3523 514 3596 margine
539 3521 698 3600 supplevit.
723 3552 764 3568 -ν
788 3537 824 3581 ac
845 3516 964 3600 fulsum
986 3519 1031 3596 11,
1061 3525 1079 3580 i.
1104 3543 1128 3578 e.
1158 3521 1331 3598 etquidem

201 3622 307 3681 falsum
330 3622 428 3682 dicere
451 3645 474 3681 s.
498 3623 645 3681 dicentem
669 3623 767 3682 audio.
792 3654 835 3662 -
858 3627 929 3683 754.
954 3619 1093 3684 Dedisse
1114 3624 1241 3681 mediam
1264 3645 1357 3687 661-,

201 3726 284 3801 ripit,
297 3743 325 3783 v.
338 3724 418 3783 Prol.
430 3746 459 3802 p.
477 3728 545 3784 198.
564 3722 768 3798 -111161113;
788 3726 1001 3803 expectabatur
1022 3723 1188 3799 „dicebas“,
1208 3726 1244 3784 cf.
1259 3728 1331 3785 379.
1369 3739 1372 3746 '

289 3827 360 3883 757.
384 3819 455 3903 Epo
472 3824 623 3904 eqrcr'dcm,
648 3828 683 3886 cf.
704 3827 808 3886 Bacch.
829 3831 905 3887 433:
933 3827 984 3900 ,Id
1008 3827 1145 3904 equidem
1170 3846 1223 3903 ego
1248 3835 1331 3886 certo

201 3922 295 3984 scio“.
340 3927 430 3986 Mero.
455 3931 530 3989 260:
565 3931 687 4004 „Amavi
716 3929 854 4006 equidem
880 3930 979 3988 hercle
1003 3947 1058 4004 ego
1081 3931 1152 3988 olim
1175 3931 1206 3987 in
1229 3929 1331 3988 adule-

203 4025 344 4088 scentia“.
391 4029 510 4090 Terent.
534 4031 641 4091 Heaut.
667 4033 742 4091 632:
776 4033 829 4106 „Id
857 4031 994 4109 equidem
1024 4051 1092 4108 ego,
1121 4034 1146 4090 si
1173 4038 1208 4090 tu
1230 4049 1330 4106 neges,

203 4135 285 4189 certo
316 4127 407 4189 scio“.
453 4132 524 4192 Sall.
549 4134 612 4193 Cot.
639 4137 693 4206 51,
720 4136 774 4193 15:
811 4133 976 4211 „Equidem
1005 4151 1061 4209 ego
1084 4135 1127 4192 sic
1150 4132 1331 4193 existumo“.

202 4233 267 4307 lug.
284 4235 331 4306 10,
347 4234 379 4290 6:
407 4233 572 4311 ,Equidem
595 4256 649 4313 ego
668 4256 792 4314 regnum
814 4235 900 4295 vobis
919 4235 1006 4296 trado
1023 4233 1169 4295 firmum“.
1205 4237 1254 4308 85,
1275 4237 1330 4294 26:

206 4334 373 4412 „Equidem
403 4354 458 4412 ego
486 4357 547 4396 non
575 4335 712 4414 ignoro“.
757 4337 861 4396 Cicero
884 4336 920 4394 de
944 4337 1025 4396 Orat.
1049 4337 1092 4410 H,
1117 4339 1151 4409 6,
1176 4339 1230 4395 25:
1267 4337 1333 4410 „Sic
