2956 5018
113 501 275 568 Lim—8,
290 502 322 554 14
616 501 751 556 Asinaria.
1204 514 1245 572 87

112 689 155 754 At
183 691 330 756 scelesta
357 688 459 754 uiden
486 696 524 754 ut
550 711 590 754 ne
618 689 652 754 id
681 691 813 775 quidem
841 714 892 757 me
921 693 1054 777 dignum
1084 715 1155 760 esse
1179 697 1244 762 exi·

837 807 969 882 stumat,

111 908 219 985 Quem
243 906 352 986 adeat,
377 925 474 990 quem
497 904 716 989 conloquatur
738 907 880 992 quoique
901 910 988 975 irato
1009 911 1191 995 supplicet?

108 1015 222 1099 Atque
253 1034 366 1081 eccam
395 1013 563 1079 inlecebra
592 1015 660 1078 exit
692 1015 835 1082 tandem.
863 1052 906 1063 —
934 1018 1059 1102 Opinor
1086 1019 1140 1084 hic
1166 1027 1244 1085 ante

837 1126 955 1190 ostium
1196 1128 1246 1181 150

109 1229 185 1296 Meo
210 1229 309 1295 modo
332 1229 451 1313 loquar
473 1251 556 1314 quae
578 1230 700 1312 uolam,
722 1232 875 1316 quoniam
897 1234 985 1300 intus
1004 1256 1069 1300 non
1086 1235 1246 1302 licitumst

835 1341 923 1405 mihi.

175 1619 296 1684 LENA
318 1616 554 1684 CLEARETA.
573 1715 577 1722 ἢ
598 1617 878 1684 ADULESCENS
901 1620 1180 1690 ARGYRIPPUS.

588 1770 776 1836 Cleareta

109 1881 224 1946 Unum
246 1879 401 1965 quodque
422 1879 562 1944 istorum
584 1879 721 1944 uerbum
743 1881 882 1946 nummis
904 1879 1083 1966 Philippeia
1106 1887 1215 1953 aureis

109 1989 187 2054 Non
210 1994 325 2073 potest
345 1985 475 2052 auferre
497 1986 573 2052 hinc
595 2008 616 2051 a
637 2008 699 2066 me,
722 1989 825 2072 siquis
847 1996 975 2074 emptor
996 1993 1139 2074 uenerit3

109 2097 181 2163 Nec
210 2103 302 2170 recte
330 2115 415 2180 quae
442 2103 480 2160 tu
506 2096 541 2159 in
568 2116 628 2160 nos
658 2095 754 2176 dicis,
789 2116 904 2162 aurum
936 2104 1037 2182 atque
1070 2109 1243 2184 argentum

835 2213 1003 2272 merumst.

111 2313 214 2379 Fixus
236 2313 293 2378 hic
316 2311 409 2397 apud*
425 2332 486 2377 nos
508 2318 560 2377 est
581 2313 708 2377 animus
730 2319 806 2376 tuus
829 2313 924 2379 clauo
949 2313 1134 2398 Cupidinis3
1194 2327 1244 2382 155

112 2421 263 2503 Remigio
286 2420 425 2505 ueloque
448 2426 608 2504 quantum
629 2421 753 2504 poteris
775 2420 896 2485 festina
918 2427 952 2486 et
973 2421 1062 2506 fi1g03

113 2529 221 2607 Quam
242 2530 347 2610 magis
366 2535 402 2594 ts
423 2529 457 2592 in
480 2527 582 2594 altum
606 2529 759 2612 capessis,
782 2534 850 2593 tam
873 2535 984 2596 aestus
1006 2538 1040 2598 te
1058 2533 1093 2598 in
1112 2542 1244 2618 portum

835 2637 946 2702 refert.

554 2743 804 2828 Argyrippus

114 2853 184 2936 Ego
206 2852 263 2936 pol
284 2852 383 2917 istum
406 2853 600 2935 portitorem
621 2852 759 2935 priuabo
783 2853 940 2936 portorio.

114 2959 184 3042 Ego
206 2967 241 3026 te
265 2959 394 3041 dehinc,
415 2965 453 3025 ut
473 2959 618 3024 merita's
643 2959 682 3024 de
705 2981 756 3024 me
780 2967 813 3024 et
835 2981 974 3042 meare,
998 2967 1145 3028 tractare
1170 2985 1244 3029 exe-

836 3089 928 3152 quar,

118 3176 277 3254 Quoniam
297 3182 335 3240 tu
357 3197 408 3241 me
430 3181 469 3240 ut
489 3176 626 3241 meritus
648 3197 720 3241 sum
742 3197 808 3240 non
830 3181 965 3257 tractas,
988 3197 1072 3259 quae
1094 3197 1144 3242 me
1166 3179 1244 3244 eicis

833 3283 940 3350 domo.
1195 3287 1246 3340 160

586 3391 780 3456 Cleareta

117 3500 219 3585 Magis
241 3501 329 3565 istuc
352 3499 549 3584 percipimus
571 3498 684 3582 lingua
706 3499 774 3564 dici
797 3521 895 3584 quam
917 3500 1015 3566 lactis
1037 3499 1117 3565 fore.

555 3607 803 3692 Argyrippus

119 3715 212 3783 Solus
234 3713 411 3782 solitudine
434 3735 494 3799 ego
515 3715 573 3780 ted
595 3722 694 3798 atque
717 3715 760 3780 ab
783 3719 930 3798 egestate
953 3714 1090 3795 abstuli3

119 3824 211 3890 Solus
233 3825 263 3890 si
285 3823 426 3904 ductam,
447 3822 569 3889 referre
591 3824 732 3905 gratiam
754 3845 934 3907 numquam
955 3830 1058 3907 potes.

587 3930 775 3996 Cleareta

119 4040 214 4106 Solus
236 4041 382 4120 (luctato,
406 4040 435 4104 si
458 4061 587 4124 semper
609 4041 698 4105 solus
721 4059 805 4123 quae
828 4061 964 4124 poscam
985 4039 1093 4120 dabis3

118 4147 251 4232 Semper
260 4147 323 4212 tibi
334 4149 529 4232 promissum
538 4148 660 4214 habeto
672 4147 734 4212 hac
745 4147 827 4229 lege,
839 4149 917 4213 dum
930 4169 1064 4232 superes
1076 4149 1173 4214 datis.
1195 4157 1244 4211 165

189 4383 237 4434 149
254 4380 419 4434 conlocatur
489 4381 539 4434 160
556 4378 644 4446 Quom
696 4395 759 4446 qua
777 4379 843 4433 eicis
915 4379 964 4432 162
981 4385 1009 4433 te
1027 4378 1131 4448 datque
