2960 5038
243 475 306 540 216
701 471 910 540 Prolegomena

243 669 274 726 in
296 687 387 725 unum
410 666 588 730 vocabulum
618 665 794 724 contrahere
822 666 934 738 solent,
958 684 1017 742 quo
1039 685 1100 724 nou
1122 684 1197 740 opus
1218 670 1278 736 est,
1309 682 1390 721 nam

244 773 334 830 etiam
358 769 484 847 simplex
511 767 606 842 „iam“
632 767 826 844 dissyllabum
848 787 912 827 esse
934 771 1042 844 potest.

330 871 444 947 Saepius
466 874 555 930 etiem
576 867 590 928 e'
612 870 736 928 alteram
764 870 894 928 vocalem
922 889 1049 947 sequens
1072 889 1138 928 cum
1161 889 1196 928 ea
1217 867 1389 945 coniungi-

242 979 303 1032 tur.
337 971 385 1032 Sic
407 969 467 1044 ais,
491 970 539 1032 ait
558 971 765 1048 monosyllaba
787 972 870 1044 fiunt,
895 967 1007 1044 cibam,
1028 966 1117 1032 aibas
1135 977 1191 1030 cet
1209 971 1389 1049 bisyllabe;

243 1075 295 1133 sed
319 1077 408 1132 etiam
430 1073 582 1149 pleniores
604 1074 707 1133 iormae
730 1069 850 1134 aiebam
872 1081 928 1133 cet.
953 1074 1033 1151 apud
1044 1073 1185 1133 Plautum
1204 1080 1234 1133 et
1249 1077 1386 1152 scriptas

242 1185 274 1236 et
295 1179 498 1255 pronuntiate
522 1183 598 1246 sunt,
621 1197 649 1234 r.
674 1175 809 1253 Spengel.
834 1196 862 1253 p.
884 1179 955 1236 905.
990 1171 1071 1236 Diei
1091 1197 1148 1255 prc
1169 1177 1267 1236 iambo
1293 1195 1387 1254 sape

242 1281 379 1358 ponitur,
401 1299 430 1338 v.
454 1279 561 1356 Amph.
586 1280 657 1337 272.
684 1279 753 1337 542.
778 1279 845 1338 Ter.
869 1279 945 1338 Eun.
971 1281 1030 1338 801
1056 1279 1104 1352 el,
1128 1281 1202 1339 item
1223 1276 1323 1358 fidei,
1351 1298 1382 1337 v.
1465 1338 1466 1360 3

242 1382 350 1460 Amph.
377 1384 447 1441 387.
482 1382 549 1440 Ter.
577 1381 671 1440 Andr.
701 1383 772 1440 296.
812 1381 885 1441 Hor.
910 1382 970 1442 Sat.
995 1383 1022 1455 l,
1047 1383 1080 1456 3,
1106 1385 1156 1442 95.
1202 1377 1262 1442 Rei
1290 1399 1385 1458 saepe
1465 1369 1466 1402 ³

242 1485 493 1560 monosyllabum,
527 1489 560 1542 ut
589 1483 694 1542 Bacch.
726 1485 797 1542 940.
831 1483 898 1542 Ter.
926 1485 984 1544 Ad.
1015 1487 1091 1557 854,
1120 1486 1158 1544 el.
1204 1485 1382 1545 Pronomen

243 1584 316 1663 quoi
343 1587 423 1663 apud
446 1587 587 1646 Plautum
615 1606 732 1664 semper
756 1587 994 1662 monosyllabum
1023 1593 1081 1660 est,
1104 1607 1132 1646 v.
1156 1587 1268 1647 Ritech.
1291 1585 1380 1666 prol.

242 1690 376 1748 Trinum.
399 1709 429 1766 p.
453 1688 592 1760 GLxxJ;
619 1687 755 1766 ,quoiei“
780 1691 811 1747 in
834 1689 1079 1767 inscriptionibus
1102 1696 1158 1762 est,
1181 1710 1209 1749 v.
1233 1690 1323 1768 Corp.
1352 1689 1378 1746 1.
1465 1749 1466 1774 ,

243 1791 277 1850 L.
301 1793 331 1865 Ι,
354 1813 382 1850 n.
409 1793 458 1852 34.
485 1793 618 1863 198,10.
649 1793 719 1863 200,
735 1793 784 1849 68.
829 1786 875 1851 Εἰ
901 1794 1138 1869 monosyllabum
1166 1813 1232 1852 esse
1259 1796 1375 1871 potest,
1465 1795 1466 1807 ¹

242 1901 277 1953 ut
304 1895 370 1953 Ter.
402 1893 510 1953 Heaut.
541 1896 611 1953 966.
648 1893 705 1952 Ad.
731 1895 808 1965 854,
841 1894 1017 1972 plerumque
1049 1895 1231 1972 bisyllabum
1264 1901 1307 1955 eet
1343 1897 1378 1952 et

242 1997 417 2074 spondaicse‘
441 1995 560 2073 quidem
591 2016 749 2067 mensnrae,
777 2017 806 2054 r.
830 1994 943 2055 Bitscb.
967 1997 1073 2074 Opuso.
1097 1999 1141 2071 11,
1164 2019 1193 2076 p.
1218 2001 1280 2057 419
1302 2019 1372 2075 sqq.

241 2099 339 2158 rarius
360 2099 502 2171 iambicus,
525 2104 560 2157 ut
578 2099 748 2158 0618433.
771 2098 851 2156 Men.
867 2099 915 2158 18.
939 2099 1046 2158 Pseud.
1062 2103 1116 2174 583
1140 2104 1172 2159 in
1194 2102 1260 2178 lege
1275 2101 1375 2160 Acilia

241 2200 475 2277 repetundarum
503 2199 595 2274 ,eiei“
622 2207 676 2274 est,
700 2202 731 2259 in
754 2201 820 2276 lege
842 2201 956 2260 Rubria
982 2201 1069 2274 „iei“.

326 2303 558 2382 Proepositiones
584 2307 616 2362 in
643 2305 777 2364 vocalem
807 2310 949 2364 exeuntes
979 2325 1044 2364 cum
1067 2306 1211 2365 vocabulo
1234 2327 1252 2364 a
1273 2305 1370 2366 vocali

240 2407 402 2484 incipiente
425 2407 596 2484 composito
619 2427 697 2484 saepe
719 2409 751 2465 in
772 2427 861 2466 unam
885 2408 1028 2484 syllabam
1052 2409 1286 2482 contrabuntur,
1309 2427 1370 2466 non

243 2508 335 2566 solum
359 2509 411 2568 ubi
433 2515 561 2587 utraque
584 2510 687 2568 littera
708 2509 812 2568 eadem
837 2515 895 2582 est,
919 2510 979 2568 vid.
1002 2531 1093 2588 supra
1115 2531 1144 2588 p.
1169 2513 1242 2584 213,
1266 2518 1296 2570 et
1317 2511 1370 2570 ubi

243 2609 374 2668 secunda
396 2607 416 2684 i,
435 2617 468 2670 ut
488 2613 590 2686 ,eicio,
610 2611 713 2684 deicio,
732 2614 832 2684 micio,
851 2611 966 2684 deinde,
985 2609 1185 2689 proinde“*);
1210 2614 1264 2672 sed
1281 2617 1367 2672 etiem

246 2710 387 2790 ,praeut“
413 2714 520 2790 Amph.
541 2716 612 2773 370.
636 2713 716 2772 Meu.
735 2715 806 2772 916.
831 2715 868 2773 al.
897 2715 1066 2793 ,praeopto“
1091 2717 1174 2775 Triu.
1199 2717 1271 2775 648.
1301 2717 1365 2776 Ter.

243 2815 314 2873 Hec.
341 2817 411 2873 532.
449 2813 707 2888 „deambulatum“
739 2816 806 2875 Ter.
831 2817 939 2876 Heaut.
965 2821 1036 2877 587.
1074 2817 1236 2890 ,deartuo“
1269 2820 1364 2878 Plaut.

242 2916 328 2993 Sept.
348 2918 418 2975 634.
444 2920 515 2978 666.
543 2917 725 2990 „deesoieri“
751 2913 815 2976 Mil.
835 2921 905 2978 881.
934 2919 1164 2993 ,deosculcb0r“
1191 2922 1288 2982 Oasin.
1307 2922 1365 2980 444
1465 2957 1466 2970 .

242 3020 285 3076 sic
313 3019 456 3078 suadente
483 3027 594 3092 metro,
623 3021 675 3078 sed
702 3019 841 3092 ,deem0“
874 3021 976 3081 cadem
1006 3022 1042 3080 de
1070 3043 1160 3082 causa
1180 3025 1366 3100 trisyllabum

241 3119 330 3197 Epid.
350 3121 419 3182 216.
444 3123 524 3182 Poen.
545 3125 614 3182 887.
642 3125 733 3182 1179.
770 3123 965 3184 Contrebitur
990 3123 1128 3196 ,coercc“
1156 3125 1236 3202 apud
1258 3125 1364 3184 Pacur.
1465 3112 1466 3142 ¹

117 3297 123 3313 .
241 3243 269 3282 v.
293 3224 344 3296 47,
371 3223 571 3296 ,coalescere“
598 3226 678 3302 apud
699 3225 819 3284 Lucret.
842 3225 891 3298 Vl,
919 3228 1008 3299 1088,
1032 3227 1069 3298 Π,
1095 3229 1185 3286 1061.
1214 3225 1361 3300 „coactic“

241 3326 324 3384 Asin.
350 3328 420 3385 202.
448 3325 731 3404 ,coempticnalem“
759 3327 956 3400 Baccheis,
981 3329 1016 3386 cf.
1040 3328 1161 3388 Lachm.
1186 3330 1224 3388 ad
1248 3329 1363 3390 Lucret.
1465 3326 1466 3383 ἶ

241 3447 270 3504 p.
297 3430 366 3486 135.
411 3428 506 3488 Porro
532 3427 667 3506 „quoad“
693 3430 776 3488 Asin.
801 3431 872 3502 294,
896 3430 934 3488 al.
1465 3507 1466 3516 ἵ

326 3531 361 3588 ln
383 3529 493 3590 Grecis
521 3533 691 3590 nominibus
720 3532 869 3590 interdum
897 3534 1022 3590 metrica
1048 3531 1208 3592 difficultas
1231 3540 1363 3593 contrec·
1465 3523 1466 3532 ἶ

240 3633 350 3690 tionem
378 3637 574 3710 peperit,'ut
595 3633 702 3692 Bacch.
728 3635 803 3692 939:
840 3634 960 3706 „Ulixes
982 3633 1137 3692 Laertius“
1165 3633 1271 3708 (codd.
1296 3637 1363 3695 Ler-

240 3731 323 3807 tine).
369 3734 401 3792 P.
425 3735 567 3794 Varronis
595 3738 714 3809 vitium,
748 3734 919 3807 ,Pheetcn“
949 3736 1142 3812 bisyllabum,
1175 3739 1365 3814 reprehendit

241 3835 440 3906 Quintilianus
461 3838 490 3908 I,
516 3841 547 3909 5,
576 3841 623 3897 17.
673 3837 921 3911 ,Dicaeerchiam“
953 3839 1043 3914 vulgo
1073 3845 1301 3914 contraxerunt,
1334 3846 1364 3899 ut
1465 3856 1466 3922 ζ

240 3935 335 3995 Lucil.
354 3938 406 4010 III,
429 3941 465 3998 18
484 3940 585 3998 Muli:
613 3941 704 4013 „Inde
721 3939 924 3999 Dicarchitum
946 3943 1073 4018 populos
1086 3941 1252 4019 Delumque
1274 3945 1362 4002 miuo-

241 4036 334 4111 rem“,
358 4039 479 4113 Statius,
504 4041 603 4116 Silius,
626 4042 795 4117 Petronius,
819 4043 967 4102 Sidonius.

267 4247 292 4320 *1
310 4251 399 4308 Rota
416 4255 584 4325 bisyllebum
602 4261 646 4311 est
663 4257 749 4314 Stich.
768 4259 826 4312 464.

701 4428 906 4438 ——--—.
