2968 5030
256 501 319 564 394
751 499 887 553 Asinaria

256 698 448 752 mercatorem
471 693 628 753 maledicta
650 695 777 768 ingerat.
824 689 914 753 Molo
939 695 1006 768 tac,
1029 693 1090 755 vid.
1114 693 1153 752 ad
1174 693 1279 771 Amph.
1304 695 1373 751 317.

255 811 312 856 nec
331 796 427 869 recte,
451 816 478 854 v.
502 815 592 872 supra
617 797 686 854 154.
715 825 757 834 -
785 797 857 854 469.
879 789 972 856 aiath·
999 815 1123 874 prorsus
1149 817 1206 874 pro
1235 795 1372 854 adiectivo

254 900 377 977 ponitur
399 902 507 957 omisso
531 897 726 970 substantivo,
750 897 785 958 ci.
810 899 889 957 infra
913 900 984 958 850.
1018 897 1115 961 casin.
1131 901 1207 958 219:
1235 897 1310 970 „Eho
1331 903 1370 970 tu,

255 999 371 1060 nihili“.
408 1003 483 1058 225:
511 999 615 1071 ,Unde
637 1001 670 1072 is,
694 998 810 1059 nihili“.
846 997 947 1074 (2³5).
984 1003 1059 1061 536:
1088 1002 1190 1074 „illum
1213 1002 1301 1074 nihili,
1323 1001 1370 1058 de·

255 1106 410 1180 crepitum,
435 1122 531 1161 meum
554 1103 660 1174 uirum,
679 1104 783 1161 ueniat
802 1101 922 1162 uelim“.
954 1103 1109 1164 uirilem
1137 1111 1277 1182 ,propter
1292 1103 1371 1161 nihili

253 1204 407 1266 bestiam“.
442 1205 482 1264 ib.
502 1208 573 1264 287.
607 1205 714 1264 Pseud.
728 1207 804 1264 239:
832 1205 921 1278 ,Siue
944 1207 1000 1264 sim
1022 1205 1139 1266 nihili“.
1174 1205 1299 1264 Libanus
1319 1205 1371 1264 hoc

254 1310 385 1368 convicio
409 1307 549 1366 Leonidae
578 1307 718 1365 obediens
741 1309 772 1366 in
794 1307 942 1386 hospitem
970 1309 1137 1382 invehitur3
1161 1329 1229 1368 mox
1250 1329 1301 1367 suo
1322 1329 1371 1366 no-

255 1412 333 1470 mine
351 1431 416 1468 eum
434 1408 573 1468 admonet
590 1419 620 1468 et
639 1416 786 1486 precatur,
805 1429 841 1468 ne
857 1410 1007 1470 hominem
1025 1413 1132 1470 irritet.
1156 1411 1230 1470 Item
1245 1413 1372 1488 proximo

254 1533 343 1571 versu
369 1511 549 1587 „Flagitium
573 1509 718 1572 homiuis“
744 1511 886 1571 Leonidae
912 1513 1052 1572 mandatu
1075 1513 1158 1587 dicit,
1181 1519 1276 1572 cetera
1297 1509 1373 1585 (,Da

255 1617 377 1674 obsecro
401 1613 491 1688 etc.“)
521 1635 574 1674 suo
600 1616 726 1673 nomine.
773 1613 816 1674 Cf.
840 1617 929 1674 etiam
953 1617 1015 1674 472
1039 1637 1083 1693 sq.
1107 1647 1150 1658 -
1172 1617 1243 1674 470.
1266 1607 1372 1692 Flayi-

254 1716 330 1778 tium
353 1713 502 1789 hominia,
533 1719 644 1776 locutio
674 1719 705 1776 in
733 1718 850 1794 vulgari
879 1718 1032 1776 hominum
1059 1739 1196 1777 sermone
1224 1717 1373 1776 admodum

254 1823 407 1899 frequens,
431 1823 464 1880 ut
486 1819 551 1878 Cas.
579 1822 647 1880 151,
674 1823 743 1879 529.
788 1820 867 1879 Men.
893 1823 965 1880 478.
991 1823 1067 1893 695,
1096 1821 1133 1880 oi.
1166 1821 1276 1894 ,scelus
1297 1819 1369 1878 uiri“

255 1925 413 1982 Curo.613
435 1923 472 1982 al.
497 1923 667 1982 Pers.205:
695 1921 837 1994 „deliciae
856 1921 970 2000 pueri“.
997 1926 1073 1983 846:
1101 1925 1245 1995 „frustum
1262 1921 1371 2001 pueri“.

255 2027 335 2084 Poeu.
362 2028 456 2085 1314:
495 2026 612 2098 „hallex
641 2023 731 2084 uiri“.
778 2028 854 2084 271:
889 2033 1073 2098 ,monstrum
1104 2023 1266 2084 mulieris“.
1308 2025 1371 2083 Ter.

255 2129 330 2187 Eun.
356 2131 430 2187 606:
464 2135 647 2202 „monstrum
675 2127 833 2188 hominis“.
863 2129 900 2186 al.
931 2131 1019 2186 etiam
1049 2127 1129 2206 apud
1151 2128 1277 2187 Graecos.
1318 2127 1372 2186 Sed
1452 2159 1453 2204 r

256 2232 336 2309 quod
365 2233 402 2290 ad
430 2251 567 2289 numeros
596 2231 683 2288 huius
712 2251 813 2290 versus
842 2233 965 2304 attinet,
994 2233 1125 2308 primum
1153 2249 1262 2290 caesnra
1284 2237 1371 2300 caret;
1452 2213 1453 2280 i

256 2335 361 2392 deinde
385 2333 486 2392 hiatur
509 2341 561 2392 aut
583 2340 652 2411 post
676 2329 716 2392 da
739 2341 791 2392 aut
814 2341 882 2392 ante
905 2329 1050 2393 leontinis.
1084 2332 1146 2390 Hoc
1172 2333 1289 2410 quidem
1315 2335 1371 2390 veri
1452 2303 1453 2352 i

255 2437 380 2496 similius
403 2437 536 2510 videtur,
561 2437 699 2513 quoniam
722 2437 825 2494 eadem
848 2438 926 2495 ratio
953 2441 999 2494 est
1021 2435 1086 2494 Cas.
1112 2437 1181 2494 529.
1205 2436 1284 2494 Men.
1307 2437 1370 2493 478.
1452 2419 1453 2457 ³

257 2541 327 2598 695.
352 2540 388 2598 al.
412 2559 440 2596 v.
463 2539 579 2616 Proieg.
603 2560 632 2616 p.
652 2541 722 2598 221.
747 2569 788 2578 —
812 2537 883 2596 471.
908 2533 1127 2616 defrinpentur
1149 2546 1203 2595 om.
1228 2537 1372 2596 Acidaliae

255 2649 380 2720 propter
402 2641 466 2700 Mil.
495 2645 563 2700 150.
589 2645 659 2700 722.
684 2641 721 2699 al.
756 2640 951 2700 ,Gravissima
984 2643 1046 2700 haec
1080 2640 1117 2699 ab
1151 2643 1229 2698 irato
1262 2640 1372 2698 domino

255 2747 347 2802 servis
370 2743 481 2802 inflicta
504 2765 590 2820 poeua
613 2749 863 2802 commemoratur
886 2747 975 2802 etiam
993 2743 1073 2802 Poen.
1094 2745 1164 2802 889.
1190 2741 1295 2800 Pseud.
1312 2745 1371 2800 130.

256 2847 357 2905 Senec.
371 2845 406 2903 de
419 2847 467 2904 lra
479 2845 531 2918 ΙΙΙ,
547 2849 595 2918 32,
612 2848 643 2903 1:
666 2845 756 2921 ,quid
776 2865 972 2924 properamus
989 2846 1146 2903 verberare
1165 2847 1277 2918 stetim,
1297 2865 1372 2903 crura

255 2949 394 3026 protinus
416 2946 594 3024 frangere?“
625 2947 746 3006 Suetoa.
766 2949 841 3026 Aug.
861 2951 910 3006 67.
941 2948 1108 3006 Tinea-44.
1131 2977 1173 2986 —
1197 2949 1269 3005 472.
1293 2945 1372 3023 inpa-

257 3048 374 3124 (lieum,
398 3054 417 3110 i.
442 3072 466 3110 e.
491 3051 706 3128 impudentem,
736 3073 763 3108 v.
787 3051 894 3127 Amph.
920 3053 990 3109 921.
1030 3046 1169 3125 pertice,
1194 3052 1213 3107 i.
1238 3069 1262 3107 e.
1287 3051 1373 3126 exagi-
1451 3067 1452 3070 ¹

255 3156 381 3227 taveris,
405 3153 573 3212 maledictis
595 3155 766 3231 perculeris
813 3153 910 3228 Vulgo
933 3153 1101 3211 Acidalium
1125 3153 1218 3209 secuti
1240 3153 1374 3229 interpre-
1451 3131 1452 3146 ¹

255 3261 358 3316 tantur
390 3253 604 3333 „appellabis“,
635 3256 715 3332 quod
744 3277 796 3314 nec
830 3257 951 3314 omniuo
982 3255 1148 3329 significare
1183 3261 1298 3331 potest,
1329 3275 1373 3312 nec

256 3360 324 3418 huic
352 3359 419 3417 loco
448 3359 596 3417 convenit.
620 3387 661 3398 -
685 3360 757 3417 473.
781 3358 913 3417 Libanus
943 3359 1027 3434 quasi
1058 3359 1239 3435 perterritus
1272 3357 1374 3433 hospiti

256 3461 422 3534 maledicit,
453 3460 561 3518 deinde
590 3459 684 3517 eidem
709 3461 868 3536 supplicat.
913 3455 1124 3532 Neoclides,
1148 3461 1167 3516 i.
1192 3480 1217 3517 e.
1243 3480 1301 3518 non
1322 3462 1374 3526 ris,

258 3565 293 3624 cf.
317 3564 425 3622 Pseud.
451 3565 504 3620 28:
544 3563 649 3634 ,Nilne
679 3563 823 3620 adiuuare
851 3583 898 3620 me
927 3559 1058 3620 audes?“
1104 3561 1145 3622 ib.
1173 3563 1269 3620 1320:
1303 3561 1375 3634 ,lion

258 3667 362 3738 audes,
394 3685 507 3742 quaem,
538 3664 669 3742 aliquam
697 3671 813 3743 partem
842 3664 914 3722 mihi
942 3667 1070 3741 gratiam
1100 3665 1197 3724 iacere
1228 3663 1372 3742 argenti‘.>L

257 3768 376 3828 Trucul.
408 3769 485 3825 424:
534 3767 619 3840 ,Non
659 3767 749 3825 audes
792 3767 906 3842 aliquid
947 3767 1017 3824 dare
1062 3767 1134 3824 mihi
1178 3763 1372 3826 munusculi?“

258 3871 344 3947 Capt.
371 3873 445 3928 655:
481 3869 565 3942 „Non
588 3875 752 3928 occatorem
776 3869 874 3927 dicere
903 3867 1032 3927 audebas
1055 3865 1177 3946 prius?“
1211 3869 1291 3927 Men.
1317 3871 1375 3928 149.

260 3975 330 4032 684.
355 3974 426 4032 982.
462 3971 541 4030 Poen.
567 3973 643 4031 760:
672 3971 779 4044 „Mitte
802 3972 840 4029 ad
862 3991 923 4044 me,
947 3972 972 4029 si
995 3971 1100 4045 audes,
1124 3971 1214 4030 hodie
1236 3971 1375 4050 Adelpha-

258 4072 372 4148 sium“;
396 4094 451 4151 pro
474 4093 533 4152 quo
556 4075 644 4150 vulgo
668 4073 777 4132 dicitur
804 4070 938 4146 ,sodes“.
962 4103 1000 4113 -
1018 4069 1158 4146 eoeleste,
1181 4076 1200 4131 i.
1220 4094 1245 4132 e.
1269 4077 1374 4133 misero.

259 4177 352 4238 Ludit
379 4179 410 4236 in
439 4176 552 4256 duplici
581 4179 662 4235 vocis
690 4177 918 4254 significatione,
944 4196 1009 4253 quaa
1032 4179 1132 4253 priore
1153 4176 1219 4234 loco
1243 4175 1373 4246 maleficii,

259 4281 354 4339 altero
388 4281 542 4338 infortunii
575 4281 696 4356 plenum
716 4280 885 4354 significat.
932 4273 1043 4340 Scelus
1070 4299 1126 4357 pro
1153 4279 1314 4338 infortunio
1338 4283 1374 4336 est

260 4383 346 4459 Capt,
371 4386 447 4441 755:
480 4383 583 4454 „Quod
611 4383 666 4440 hoc
695 4389 739 4440 est
769 4380 886 4440 scelus?
917 4381 1007 4453 Quasi
1037 4383 1067 4439 iu
1095 4381 1255 4440 orbitatem
1278 4381 1374 4440 liberos
