2960 5038
520 483 524 490 ’
564 496 775 566 Prolegcrnena
1172 503 1233 564 219

79 689 223 766 religiosi
253 692 293 751 in
324 692 429 753 ordine
456 692 617 752 verborum
646 711 769 769 prorsus
796 691 978 768 negligentes
1005 692 1126 750 fuerint.
1171 691 1235 750 Hoc

79 810 208 868 quoque
241 795 561 868 animadvertendum,
591 814 658 870 qnae
685 795 771 854 nobis
799 795 879 854 lenia
906 793 1080 866 videantur,
1110 794 1235 854 fortasse

77 895 223 971 antiquis
255 899 367 973 gravia
394 899 458 955 visa
487 917 567 968 esse,
595 917 650 956 nec
678 897 757 956 euim
784 901 848 956 tam
875 897 960 973 gnari
989 915 1090 954 sumus
1117 896 1234 971 antiqui

77 1000 254 1071 sermonis,
292 1019 379 1077 quem
408 999 549 1074 legendo,
576 1019 635 1058 non
663 997 811 1058 audiendo
839 1000 1044 1076 cognovimus,
1073 1002 1122 1070 ut,
1147 997 1233 1073 quid·
1266 1001 1272 1014 '

77 1098 153 1174 qnid
185 1101 291 1160 uobis
318 1102 452 1182 placeat,
476 1103 581 1180 utique
604 1102 663 1160 illis
686 1103 775 1161 etiam
797 1102 945 1178 placuisse
968 1099 1116 1160 affirmare
1139 1101 1233 1177 possi·

77 1220 156 1259 mus.
219 1203 294 1263 Nos
331 1225 404 1264 vero
441 1225 503 1264 non
539 1205 679 1264 Plautum
717 1204 832 1262 hiatum
870 1205 902 1262 in
942 1203 1056 1264 deliciis
1094 1202 1233 1262 habuisse

78 1323 269 1380 censemus,
298 1307 353 1366 sed
381 1327 440 1373 non
469 1311 530 1366 tam
560 1307 710 1384 elegantes
738 1327 827 1365 aures
852 1305 991 1366 habuisse
1021 1325 1110 1383 quam
1133 1311 1233 1382 poste·

78 1407 198 1480 riores,
247 1415 283 1468 et
321 1429 414 1488 quum
447 1411 494 1468 vel
527 1413 558 1468 in
594 1410 683 1468 certis
718 1429 858 1468 versuum
894 1409 967 1467 locis
999 1409 1047 1468 vel
1080 1409 1111 1466 in
1144 1408 1233 1466 certis

78 1527 195 1569 vocum
222 1517 261 1570 et
285 1513 467 1589 syllabarum
491 1511 650 1588 generibus
667 1513 731 1570 sine
747 1530 856 1586 magna
873 1511 1035 1572 offensione
1051 1511 1129 1572 hiari
1145 1529 1234 1588 posse

80 1613 379 1688 animadvertisset,
408 1615 462 1674 hos
489 1635 609 1693 quoque
637 1617 781 1674 terminos
803 1613 956 1674 interdum
978 1616 1128 1692 migrasse.
1174 1611 1233 1674 Sed

80 1719 261 1794 antequam
294 1719 513 1790 examinamus,
549 1737 684 1796 quasnam
718 1717 853 1778 hietuum
886 1737 995 1793 genera
1022 1721 1147 1793 propter
1175 1717 1232 1774 ire-

83 1821 256 1894 qnentiam
277 1822 386 1880 Plauto
415 1822 501 1898 quasi
528 1821 662 1898 legitima
683 1820 780 1880 videri
801 1821 932 1898 possint,
955 1837 1051 1896 pauca
1072 1818 1109 1877 de
1132 1818 1232 1876 hiatus

82 1925 204 1980 natura
230 1925 265 1982 in
286 1926 459 1982 universnm
480 1923 636 2001 prusanda
656 1929 735 1982 sunt.

175 2025 344 2086 Vocetium
367 2045 529 2085 concursus
555 2045 594 2086 ne
621 2025 752 2085 hiulcum
781 2043 885 2086 sonum
907 2023 1028 2096 reddat,
1052 2025 1133 2084 intra
1154 2024 1232 2082 eius·

85 2125 157 2184 dem
189 2132 279 2189 vocis
308 2127 451 2188 ambitum
480 2129 607 2204 syniseei
642 2130 751 2188 evitari
785 2148 877 2206 snpra
910 2128 1053 2200 vidimus,
1087 2126 1140 2185 sed
1169 2126 1232 2188 hnc

87 2217 268 2290 contractio
296 2233 328 2290 in
356 2232 422 2290 aliis
450 2252 511 2291 non
539 2236 587 2290 est
615 2233 795 2305 necessaria,
825 2231 908 2290 velut
929 2235 960 2290 et
986 2225 1174 2308 „prehendo“
1200 2233 1232 2286 et

90 2332 269 2407 ,prendo“,
291 2339 323 2393 et
348 2331 457 2406 ,mihi“
478 2339 509 2393 et
528 2331 604 2406 „mi“
625 2333 742 2406 dicitnr,
761 2335 792 2392 in
809 2333 876 2392 aliis
895 2354 932 2392 ne
949 2333 1082 2410 legitima
1099 2331 1229 2408 quidem,

89 2437 125 2490 ut
150 2437 313 2509 „introire
336 2437 498 2510 circumire,
518 2437 729 2511 circumagere,
750 2433 918 2496 cohiberet
952 2435 1113 2494 Vocabulis
1130 2439 1230 2494 autem

90 2533 216 2598 (luobus
240 2539 295 2598 tali
316 2541 434 2612 ratione
452 2538 695 2598 concurrentibus
718 2538 842 2597 excultis
865 2540 1009 2598 orationis
1031 2539 1079 2596 lex
1102 2536 1231 2596 distrahi

91 2639 217 2700 vocales
239 2647 332 2700 vetat.
377 2641 436 2699 Per
458 2660 537 2712 eam,
561 2661 627 2717 quse
648 2646 712 2699 tnm
734 2639 777 2712 fit,
801 2641 993 2717 synaloephen
1014 2642 1098 2718 prior
1120 2640 1231 2699 voculis

90 2740 134 2797 ita
156 2744 191 2801 in
218 2747 413 2820 posteriorem
438 2743 514 2816 abit,
537 2749 573 2802 ut
593 2744 681 2802 huius
704 2745 855 2821 quantitas
878 2749 1006 2816 maneat,
1030 2749 1060 2802 et
1082 2745 1109 2802 si
1130 2743 1230 2802 brevis

92 2846 213 2904 vocalis
230 2847 349 2922 longum
369 2852 519 2922 sequatur,
544 2847 619 2905 elisa
639 2846 729 2921 longa
751 2845 851 2905 brevis
873 2846 988 2921 syllaba
1007 2846 1228 2923 pronuntietur.

92 2943 156 3005 Nec
202 2953 301 3007 tamen
340 2950 424 3026 prior
456 2949 568 3008 voculis
602 2951 722 3008 omnino
756 2949 922 3021 omittitur,
958 2949 1011 3008 sed
1044 2948 1228 3009 obscuratur.

95 3046 199 3109 Testis
228 3056 274 3110 est
297 3049 411 3109 Gellius
432 3051 521 3123 XIII,
547 3053 601 3125 21,
627 3051 659 3124 6,
690 3053 741 3128 qui
768 3052 800 3108 in
821 3051 947 3126 Vergilii
975 3070 1062 3110 versu
1093 3051 1230 3124 „Turrim

94 3149 126 3207 in
153 3154 308 3231 precipiti
336 3151 481 3212 stantem“
518 3173 578 3212 non
611 3153 722 3212 nullius
750 3153 891 3212 momenti
919 3172 983 3212 esse
1012 3153 1101 3224 dicit,
1129 3158 1230 3211 utrum

101 3253 247 3323 „turrim“
275 3275 313 3314 an
340 3253 487 3327 ,turrcm“
513 3255 639 3332 legatur.
679 3255 765 3327 Quod
788 3257 812 3314 si
835 3255 1005 3333 synaloephe
1028 3275 1088 3314 non
1109 3253 1153 3327 fit,
1177 3253 1229 3312 sed

97 3359 230 3435 scriptor
262 3358 377 3416 hiatum
409 3359 577 3436 relinquere
612 3358 717 3432 audet,
746 3357 778 3416 id
805 3363 906 3418 tamen
934 3357 1051 3418 efficere
1079 3359 1156 3416 solet
1183 3358 1230 3416 vel

99 3457 229 3520 iambica
250 3463 332 3520 vocis
349 3461 444 3519 forma
468 3456 508 3533 (v.
528 3481 618 3537 supra
634 3481 663 3537 p.
678 3457 753 3533 206)
775 3461 823 3519 vel
845 3463 911 3539 ipsa
933 3461 1079 3520 vocalium
1102 3461 1228 3532 collisio,

98 3565 132 3618 nt
158 3564 244 3640 prior
271 3563 397 3636 vocalis,
427 3565 451 3621 si
478 3563 570 3637 longa
591 3565 645 3634 sit,
668 3565 864 3639 corripiatur;
887 3565 982 3639 magis
1004 3564 1082 3622 enim
1105 3561 1230 3620 offendit

100 3661 215 3738 hiatus,
244 3666 270 3724 si
298 3667 408 3724 vocalis
436 3666 525 3741 longa
552 3670 661 3724 manet.
706 3663 803 3723 Huius
830 3667 911 3738 vitii,
937 3667 962 3724 si
985 3685 1043 3724 nou
1065 3665 1173 3736 multa,
1198 3669 1229 3723 st

101 3767 200 3846 aliqua
229 3769 365 3845 exempla
391 3768 439 3826 vel
467 3766 546 3844 apud
575 3769 673 3844 epicos
701 3773 805 3845 poetas
834 3773 951 3842 extant,
982 3768 1062 3845 apud
1090 3766 1228 3825 Plautum

102 3872 222 3946 quidem
239 3872 368 3930 maxime
384 3873 416 3928 in
432 3871 574 3948 prologis,
592 3875 626 3928 ut
641 3869 709 3930 Aul.
729 3873 762 3928 5:
786 3872 883 3947 ,patri
902 3869 1048 3948 auoque“.
1073 3869 1156 3947 Capt.
1173 3871 1226 3929 10:

105 3971 205 4042 „Petri
228 3969 380 4032 huiuscel‘.
420 3973 501 4032 Poen.
529 3975 603 4033 120:
632 3975 732 4050 „patri
753 3971 891 4049 hospes“.
925 3971 1002 4030 Rud.
1028 3974 1060 4030 7:
1089 3971 1228 4044 ,ambulo

101 4071 279 4133 interdicat
325 4073 383 4133 Sed
415 4076 505 4134 etiam
529 4074 621 4132 Stich.
646 4077 722 4134 220:
761 4077 855 4148 „fame
889 4072 1058 4133 emortuua“
1096 4079 1126 4131 et
1160 4079 1228 4132 ante

102 4195 264 4251 pronomen
287 4177 324 4235 nb
347 4172 368 4235 lt
389 4179 534 4254 incipiens
550 4177 633 4236 Asin.
649 4179 724 4236 376:
751 4183 801 4250 „tu
819 4173 927 4235 hunc“.
957 4175 1041 4253 Capt.
1060 4175 1137 4234 442:
1166 4175 1227 4247 ,Tu

102 4276 184 4340 hoc“.
216 4279 324 4338 Pseud.
350 4281 405 4340 33:
432 4285 483 4352 „tu
506 4277 604 4340 hinc“.
639 4279 711 4339 Cist.
738 4282 812 4338 522:
840 4280 931 4358 ,quoi
953 4275 1045 4338 haec“.
1080 4278 1166 4337 Truc.
1192 4281 1225 4337 9:

56 4401 57 4404 ’
107 4403 180 4460 ,qna
202 4379 291 4440 huc“.
327 4382 457 4442 Pessime
480 4402 584 4441 sonare
612 4383 732 4442 eusdem
759 4381 879 4442 vocales
901 4382 981 4440 inter
1003 4402 1034 4441 se
1057 4383 1227 4442 commissas

105 4483 301 4557 Quintilianus
322 4483 381 4557 lx,
406 4486 439 4558 4,
465 4485 503 4543 33
527 4489 665 4544 testatur.
685 4537 688 4544 .
709 4485 746 4547 In
772 4485 869 4546 medio
890 4485 1036 4546 vocabulo
1057 4486 1106 4546 hic
1127 4486 1226 4546 hiatus
