2956 5018
227 496 289 557 144
684 477 894 558 Prolegomena

202 689 257 764 ‚et
293 688 364 764 post
400 682 559 762 Epidicum
597 679 720 742 mccl
756 679 905 744 PLAUTI
942 679 1126 744 EPIDIGUS
1159 679 1365 742 EXPLICIT.

226 787 395 866 Geppertus
417 785 538 864 quidem
559 789 689 863 utroque
711 785 778 844 loeo
800 784 842 843 M.
866 785 938 844 Aoei
959 783 1043 862 legit,
1066 785 1091 844 Τ
1113 785 1199 858 illud,
1223 784 1307 864 quod
1328 785 1368 843 in

225 891 328 969 priore
349 889 414 948 loeo
436 887 640 965 antepositum
669 892 730 962 est,
754 906 791 946 ex
813 886 953 947 eoronids
977 884 1010 961 (i.
1034 907 1059 947 s.
1083 889 1169 964 siguo
1192 883 1366 961 terminali)

225 991 303 1051 male
324 991 476 1050 intellecta
497 994 596 1048 ortum
618 992 763 1064 statuens,
785 1009 814 1048 v.
837 988 1040 1049 Plautinisohe
1062 988 1190 1050 Studien
1211 989 1240 1064 I,
1263 1010 1294 1068 p.
1320 991 1364 1048 ll

227 1114 293 1172 sqq.
317 1093 354 1153 ei.
377 1092 421 1166 11,
443 1091 584 1151 Vorwort
604 1111 635 1168 p.
658 1089 709 1150 lv.
753 1089 848 1151 Nobis
880 1093 932 1169 qui
965 1091 1047 1151 solus
1079 1092 1159 1150 olere
1187 1094 1219 1150 et
1246 1091 1367 1151 diserte

226 1197 315 1255 testis
345 1195 464 1254 loeutus
491 1199 537 1252 est
564 1211 624 1252 uon
656 1198 771 1252 temere
804 1191 990 1272 spernendus
1022 1191 1160 1268 videtur,
1193 1193 1366 1272 prasertim

228 1317 320 1377 quum
340 1299 373 1356 in
395 1294 513 1356 duobus
535 1313 572 1352 ex
593 1294 726 1372 prologis
747 1294 801 1368 iis,
830 1297 882 1374 qui
909 1295 992 1356 brevi
1019 1301 1090 1374 post
1113 1299 1211 1374 poeta
1233 1299 1365 1356 mortem

227 1400 338 1459 fabulis
365 1401 431 1458 eius
458 1396 556 1457 additi
582 1396 723 1456 videntur
729 1441 737 1472 ,
760 1397 893 1458 eiusdem
914 1399 1043 1457 nominis
1065 1401 1092 1458 si
1113 1417 1174 1457 uon
1196 1403 1280 1458 eerta
1301 1417 1365 1457 me-

227 1503 337 1575 moria,
365 1505 399 1559 at
423 1501 553 1574 vestigia
579 1497 741 1558 admodum
769 1499 938 1579 probabilia
964 1506 1084 1560 servata
1109 1502 1180 1560 sint.
1224 1499 1301 1560 Nam
1330 1502 1366 1559 in

227 1604 398 1663 Mercatore
426 1622 453 1661 v.
479 1603 497 1660 9
520 1621 565 1680 sq.
599 1601 662 1661 haee
690 1607 774 1662 suut:
813 1601 933 1676 ,Graes
964 1603 1029 1662 haee
1060 1606 1188 1662 uocatur
1214 1601 1365 1680 Emporos

228 1705 421 1779 Philemonis,
442 1703 556 1764 Eadem
578 1703 688 1764 Latine
710 1703 861 1763 Mercator
876 1703 1032 1779 Maetiti“;
1055 1707 1097 1765 sie
1118 1705 1160 1780 B,
1181 1705 1302 1764 Muttini
1324 1704 1362 1778 ῦς

229 1808 276 1868 ed.
309 1827 355 1886 pr.
389 1805 526 1880 Martiam
564 1806 638 1866 Pius
674 1805 788 1880 ,Merui
819 1804 917 1865 Attii“
953 1807 1144 1881 emendabat,
1177 1807 1364 1867 Ritsehslius

228 1910 348 1970 demum
366 1903 473 1970 Monoi
492 1902 569 1982 Titi,
592 1913 654 1966 tem
674 1907 736 1967 leui
759 1911 932 1983 mutatione,
955 1914 991 1968 ut
1013 1908 1050 1968 de
1071 1910 1200 1969 veritate
1222 1908 1363 1968 dubitare

228 2013 280 2071 vix
311 2012 410 2070 lioeat.
454 2011 491 2069 Iu
511 2009 653 2070 Asinaria
680 2014 781 2069 autem
807 2030 836 2070 v.
862 2013 916 2084 11,
944 2011 997 2070 ubi
1019 2011 1112 2071 Oodd.
1146 2011 1362 2090 ,Demophilus

229 2115 364 2190 scripsit,
398 2113 520 2173 Maoeus
552 2115 650 2172 uertit
681 2111 840 2188 barbars“,
874 2115 1043 2192 superiores
1077 2113 1209 2174 editores
1240 2115 1362 2175 Mersus
1435 2153 1441 2165 ·

229 2217 419 2295 scripserant,
445 2213 537 2294 quod,
561 2217 633 2294 quia
653 2217 803 2275 innumeri
824 2217 856 2274 in
877 2218 1000 2275 civitate
1022 2216 1157 2275 Romana
1177 2216 1275 2276 Marci
1296 2217 1362 2276 fue·

229 2324 317 2392 runt,
345 2317 419 2377 ferri
445 2336 506 2377 uon
527 2320 642 2395 potuit;
671 2325 742 2398 post
763 2317 957 2378 Ritsehelium
978 2313 1124 2380 Maccius
1145 2317 1287 2378 eoribitur
1309 2325 1364 2379 aut
1464 2319 1465 2326 ’

230 2416 374 2494 Mucius,
397 2419 480 2497 quod
500 2420 550 2480 vel
571 2420 640 2479 ideo
661 2421 804 2499 praefero,
829 2421 900 2498 quia
920 2419 1019 2479 Plauti
1047 2423 1137 2479 atate
1163 2426 1362 2482 consonantes

230 2523 377 2599 geminari
398 2542 460 2583 non
481 2521 625 2582 solebant.
661 2521 796 2582 Eandem
818 2523 946 2581 nominis
967 2521 1093 2580 formam
1115 2542 1153 2580 ex
1173 2523 1264 2581 titulo
1286 2544 1362 2602 quo·

230 2624 300 2684 dam
322 2623 478 2699 Perusino,
500 2622 553 2682 ubi
575 2629 622 2683 est
642 2623 676 2683 P.
694 2624 810 2683 Matius
826 2624 922 2684 Verus
944 2621 1066 2700 quidam
1088 2620 1226 2702 filiusque
1246 2623 1280 2684 P.
1298 2627 1363 2685 Ma·

231 2728 295 2785 oius
316 2725 432 2799 Iustus,
456 2726 561 2784 attulit
582 2725 778 2800 Ritsehelius,
801 2725 920 2802 Parerg.
943 2745 973 2803 p.
999 2725 1049 2785 38.
1094 2725 1222 2808 Mattios
1243 2744 1363 2805 quoque

231 2833 284 2887 aut
304 2825 419 2887 Matios
445 2829 471 2887 si
499 2827 567 2905 quis
593 2827 713 2888 eosdem
735 2847 799 2888 esse
821 2828 917 2902 dieat,
941 2846 996 2886 neo
1017 2825 1212 2887 Ritsohelium
1238 2847 1296 2887 nee
1316 2849 1364 2888 ms

231 2935 448 3007 repugnantem
470 2929 601 2988 habebit.
645 2929 759 2989 Teneat
780 2930 872 3007 igitur
892 2928 1019 2988 Plautus
1041 2949 1150 2989 nomen
1171 2931 1258 3005 illud,
1283 2930 1365 3008 quod

232 3037 264 3090 et
284 3028 499 3110 palimpsestus
520 3030 737 3092 Ambrosianus
759 3038 790 3090 et
811 3031 902 3090 Plinii
925 3031 1042 3090 oodiees
1064 3034 1091 3091 ei
1113 3032 1259 3092 tribuunt.

696 3249 901 3258 ---——--—-

772 3415 825 3496 H.

311 3588 356 3664 De
385 3587 481 3664 Plauti
510 3587 670 3664 comediis
698 3589 826 3686 antiquo
852 3595 996 3685 tempore
1024 3589 1103 3664 actis
1131 3595 1165 3664 et
1192 3587 1292 3664 tectis.

319 3848 459 3908 Plautum
481 3847 580 3908 Ennio
609 3850 764 3927 aliquanto
792 3850 949 3923 maiorem,
971 3847 1075 3907 Navio
1097 3850 1242 3908 minorem
1264 3849 1362 3923 fuisse,

233 3969 393 4028 senemque
419 3955 572 4011 mortuum
602 3971 667 4012 esse
689 3951 803 4010 Catone
830 3969 964 4024 eensore,
992 3951 1013 4007 i.
1037 3969 1062 4008 e.
1086 3969 1111 4009 a.
1136 3950 1205 4011 Chr.
1233 3973 1263 4010 n.
1293 3953 1362 4023 184,

235 4052 371 4112 Ciceroni
398 4053 546 4112 eredimus
577 4051 674 4128 (Brut.
701 4053 754 4127 15,
779 4053 829 4112 60.
860 4051 923 4111 Cat.
946 4054 1015 4111 mei.
1041 4053 1095 4125 14,
1126 4049 1189 4126 50).
1236 4053 1364 4112 Sarsina

235 4156 267 4213 in
288 4155 415 4214 Umbria
441 4160 545 4214 natum
572 4154 768 4215 histrionibus
798 4155 927 4215 adfuisse
956 4161 986 4215 et
1006 4156 1103 4215 Varro
1132 4160 1164 4214 et
1189 4155 1242 4213 alii
1268 4155 1363 4213 tredi-

235 4257 358 4329 derant;
387 4277 479 4335 quum
505 4259 537 4316 in
565 4259 664 4336 operis
692 4253 838 4317 usnemu
867 4259 1051 4317 scenicorum
1084 4254 1199 4335 aliquid
1231 4257 1364 4335 peouuiae

234 4359 415 4436 peperisset,
443 4365 617 4419 mercaturae
645 4357 810 4433 studuisse,
838 4359 891 4418 ssd
912 4359 1041 4438 perditis
1063 4359 1216 4431 omuibus,
1245 4359 1363 4437 inopem
