2976 5056
573 494 602 548 v.
623 495 800 550 1oro-10s1.
1189 503 1252 564 335

91 693 123 746 et
145 689 301 750 tumultu
324 689 404 748 alter
425 689 552 748 alterum
573 709 629 766 pro
651 689 765 749 moecho
789 689 974 767 aggreditur.
1013 689 1147 750 Tertium
1168 691 1252 766 frag·

90 796 242 850 mentum
271 789 317 866 (v.
335 787 431 864 1048)
454 796 555 850 utrum
577 797 659 851 recte
680 792 759 851 huuc
781 793 879 851 locum
901 792 1048 866 obtineat,
1073 813 1111 852 an
1133 793 1252 854 duobus

90 893 206 952 niteris
234 893 484 972 anteponendum
506 895 554 967 sit,
579 894 739 953 decernere
761 914 821 953 non
845 895 949 954 audeo.
985 893 1167 973 septenariis
1190 900 1251 954 tro·

90 995 214 1054 chaicis
229 998 342 1056 omnia
353 997 466 1073 scripta
477 1001 556 1055 sunt.
574 1025 618 1038 ⁴-
637 997 728 1056 1045.
751 991 856 1071 furem
867 997 991 1070 Nonius,
1010 999 1062 1074 qui
1079 1003 1251 1057 contextum

91 1117 187 1157 nosse
214 1105 363 1177 poterat,
393 1099 538 1158 moeohum
561 1099 712 1175 intelligit.
736 1129 780 1140 -
802 1094 1014 1174 Manifestum
1036 1095 1151 1176 stapiti,
1180 1102 1199 1159 i.
1225 1121 1250 1159 e.

91 1199 215 1275 flagitii
243 1202 434 1274 convictum,
463 1203 495 1260 in
523 1200 637 1276 flagitio
659 1201 854 1280 deprensum
883 1203 919 1261 of.
944 1201 1015 1262 Sall.
1039 1199 1094 1261 Cat
1119 1204 1168 1276 52,
1194 1203 1250 1262 362

95 1302 157 1374 „de
183 1303 366 1362 manifestis
389 1324 489 1364 rerum
511 1301 714 1381 capitalium“.
750 1305 812 1382 lug.
828 1305 877 1378 35,
898 1306 931 1364 8:
960 1306 1151 1377 „manifestus
1174 1305 1251 1365 tanti

91 1402 267 1464 sceleris“.
304 1406 398 1466 Tacit.
417 1407 454 1466 al.
468 1405 566 1479 Quare
585 1408 676 1466 offlam
693 1406 774 1485 apud
790 1407 891 1466 Plaut.
903 1407 1023 1466 Trucul.
1040 1409 1114 1467 133:
1135 1407 1252 1482 ,Meni-

92 1506 216 1566 festam
228 1508 379 1582 mendaci,
391 1509 479 1583 mala,
492 1515 580 1568 teneo
590 1507 639 1568 15ιι
653 1510 751 1568 scribo
765 1529 830 1568 cum
844 1511 952 1569 ceteris
965 1510 1060 1584 codd,
1073 1531 1133 1569 nou
1146 1513 1252 1570 eumd

99 1607 328 1684 ,manifesto“,
352 1616 383 1670 et
400 1611 507 1671 Bacch.
522 1612 581 1671 691
601 1632 666 1672 cum
686 1610 834 1671 Gulielmo
856 1631 962 1688 „quem
978 1612 1114 1670 mendaci
1131 1613 1254 1688 prendit

96 1711 338 1787 manifestuffl,
361 1714 413 1773 ubi
437 1713 524 1774 codd.
551 1711 764 1787 ,manifesto“;
795 1733 863 1774 uam
886 1713 989 1774 terrere
1011 1719 1041 1772 et
1057 1709 1255 1790 pretendere

96 1835 171 1874 oum
196 1817 261 1875 taii
282 1817 421 1893 genetivo
444 1815 524 1893 apud
546 1817 731 1894 antiquiores
753 1817 837 1892 iungi
854 1835 914 1875 nou
930 1815 1079 1875 videntur.
1114 1815 1253 1876 Criminis

98 1919 236 1977 nomine
254 1937 313 1976 nou
332 1918 437 1978 addito
453 1917 648 1992 „manifesto“
669 1919 779 1978 dicitur
791 1917 889 1978 Casin.
903 1921 974 1978 216.
988 1919 1060 1977 484.
1084 1917 1164 1978 Meu.
1180 1921 1250 1979 549.

98 2019 204 2080 hiero.
235 2021 307 2080 720.
341 2019 449 2080 Pseud.
475 2022 545 2080 752.
580 2020 643 2080 Nec
664 2028 766 2080 temen
788 2021 855 2081 ideo
878 2021 1056 2102 correxerim
1079 2021 1159 2080 Men.
1175 2024 1250 2080 581:

105 2123 196 2198 „Nec
231 2126 327 2198 magis
357 2123 545 2182 manifestum
576 2141 631 2199 ego
661 2123 811 2182 homiuem
839 2123 933 2182 ulium
961 2123 1058 2181 teneri
1085 2121 1180 2183 uidi“.
1205 2141 1253 2164 ’-·

106 2227 210 2286 1047.
235 2219 413 2302 inpedierit,
437 2227 456 2284 i.
476 2245 502 2284 e.
520 2225 695 2303 implicarit.
721 2222 923 2286 iterisaurum
946 2222 1057 2300 stupui,
1082 2227 1100 2283 i.
1115 2247 1139 2284 e.
1153 2228 1252 2304 stupri

104 2331 243 2406 copiam,
264 2335 299 2388 ut
309 2327 435 2400 Nouius,
459 2328 556 2406 stupri
573 2329 695 2402 fontem,
720 2327 890 2400 utHoffm.;
915 2329 1023 2388 etenim
1042 2333 1146 2406 stupro
1165 2349 1252 2406 quam

106 2433 244 2490 maxime
267 2431 389 2508 plenum
412 2435 443 2488 et
470 2432 702 2489 contaminatum
720 2431 863 2490 moechum
884 2431 1018 2508 appellat
1041 2432 1071 2489 in
1095 2451 1148 2489 sua
1166 2431 1253 2489 domo

108 2532 345 2610 deprehensum.

208 2637 300 2695 1049,
324 2634 389 2693 Hoc
412 2635 625 2710 fragmentum,
651 2635 731 2710 quod
756 2633 823 2694 edd.
847 2635 937 2713 vulgo
961 2655 1026 2694 cum
1049 2657 1076 2694 v.
1104 2639 1184 2696 1037
1208 2659 1252 2714 sq.

112 2741 313 2816 coniungunt,
326 2737 394 2796 inde
411 2737 610 2815 separandum
628 2757 691 2795 ease
708 2737 768 2796 iam
786 2737 924 2797 vidimus
949 2737 1148 2815 Blepharouis
1162 2739 1255 2798 verba

113 2860 182 2900 esse
201 2840 333 2899 arbitror
344 2839 593 2917 Amphitryonem
607 2839 735 2897 delirare
748 2841 905 2899 censentis.
929 2839 1001 2899 Fuit
1013 2861 1104 2918 quum
1116 2847 1254 2919 putarem

115 2943 157 3000 ad
179 2963 247 3001 eam
270 2962 389 3001 scenam
412 2941 568 3000 referenda
596 2961 672 3014 csse,
703 2963 762 3018 qua
784 2943 964 3019 Amphitryo
987 2943 1103 3002 Sosiam
1131 2949 1256 3022 propter

116 3045 314 3103 contumelias
337 3043 395 3103 sibi
418 3065 436 3102 a
458 3043 607 3103 Mercurio
637 3044 737 3102 illatas
766 3046 918 3123 inorepat;
948 3045 999 3103 sed
1029 3044 1112 3104 illam
1136 3067 1255 3106 scenam

116 3147 267 3206 Alcmenae
301 3166 367 3204 cum
401 3148 509 3204 marito
545 3146 693 3223 colloquio
727 3148 905 3205 anteriorem
939 3147 1030 3204 fuisse
1068 3153 1158 3224 puto,
1192 3169 1254 3206 nou

115 3251 335 3327 posteriorem,
366 3267 432 3307 eam
466 3255 578 3320 autem,
614 3267 672 3324 quo
706 3249 754 3306 hic
767 3325 771 3334 ὑ
784 3268 887 3306 versus
914 3249 1062 3325 pertinet,
1092 3269 1128 3307 ex
1156 3249 1254 3308 Nonio

117 3357 257 3411 novimus
285 3353 484 3429 posteriorem
511 3352 613 3410 fuisse.
658 3352 756 3424 Quare
784 3353 886 3428 potius
910 3350 1088 3410 crediderim
1115 3351 1164 3410 hic
1186 3351 1253 3410 Ble-

80 3455 82 3460 ’
118 3455 282 3530 pharonem
305 3453 501 3512 tumultuanti
514 3454 724 3530 Amphitryoni
747 3453 809 3513 hac
832 3453 952 3511 dixisse.
978 3451 1134 3530 quaeritat
1155 3453 1252 3527 codd,

118 3558 198 3635 quod
221 3558 247 3615 si
270 3557 436 3627 resumsit,
461 3554 609 3632 significet
628 3549 832 3628 „desiderat“;
857 3555 909 3612 sed
928 3555 1086 3632 quietalis
1105 3555 1252 3631 significa-

118 3661 211 3720 tionis
244 3659 328 3717 nulla
358 3658 494 3737 exempla
522 3663 701 3736 suppetunt,
731 3655 822 3714 malui
852 3677 918 3715 cum
946 3658 1084 3717 Acidalio
1113 3655 1254 3735 quaerito

118 3762 258 3836 scribere,
289 3761 348 3819 vid.
374 3761 413 3818 ad
440 3763 530 3821 1037.
554 3791 597 3801 -
623 3761 712 3819 1050.
737 3757 887 3836 Blephuro
910 3759 1025 3818 arbiter
1047 3767 1162 3839 captus,
1185 3767 1255 3821 uter

118 3885 209 3924 verus
232 3863 412 3940 Amphitryo
435 3865 484 3937 sit,
509 3863 667 3922 decernere
689 3882 750 3920 nou
773 3867 882 3938 potest,
906 3883 933 3921 v.
957 3863 1029 3939 Arg.
1052 3861 1089 3936 Π,
1115 3865 1148 3936 8;
1182 3864 1253 3922 Am·

118 3967 241 4044 phitryo
264 3967 320 4026 hoc
342 3965 465 4044 indigne
487 3967 555 4026 fert.
602 3965 790 4039 ‚costros-cm,
814 3964 874 4022 vid.
898 3985 927 4024 v.
951 3966 979 4022 4.

208 4070 287 4128 1051
313 4089 357 4146 sq.
382 4069 420 4127 ad
442 4068 640 4146 Blepharouis
662 4087 837 4147 responsum
858 4069 1027 4146 pertinent,
1057 4087 1131 4126 unus
1153 4073 1255 4128 tamur

120 4171 274 4230 minimum
296 4191 401 4231 versus
424 4171 526 4230 deesse
548 4171 682 4243 videtur,
706 4191 775 4229 nam
797 4190 824 4228 v.
853 4173 931 4230 1051
958 4172 1042 4247 quasi
1064 4189 1121 4248 pro
1144 4191 1253 4248 pareu-

121 4273 197 4333 thesi
221 4273 357 4347 additur,
382 4279 413 4334 et
436 4293 494 4350 quo
517 4268 629 4351 Neque
653 4273 803 4332 referatur
831 4273 1043 4332 desideramus.
1089 4271 1184 4330 Plana
1206 4293 1254 4332 rea

122 4377 168 4449 sit,
192 4377 218 4434 si
241 4377 340 4434 versui
367 4378 445 4436 1051
470 4376 562 4436 talem
589 4395 706 4434 versum
729 4377 915 4453 praecessisse
938 4381 1121 4434 statuemus:
1156 4373 1253 4447 „Nolo
