2968 5030
245 477 309 540 404
743 471 883 528 Asinaria.

249 663 376 744 „eugae“
410 666 598 726 scribendum
629 687 693 726 esse
715 665 862 728 Bdcheler
889 667 1052 739 intellexit,
1076 665 1154 725 Ann.
1183 665 1254 743 phil.
1278 666 1364 737 1863,
1456 663 1457 728 }

198 767 204 782 '
244 789 274 846 p.
294 771 364 828 772.
389 769 529 847 Vulgaris
550 769 742 828 librariorum
764 789 848 830 error
870 775 926 844 est,
950 768 1027 830 ntE
1048 788 1104 848 pro
1121 767 1147 826 F
1166 773 1218 826 aut
1234 767 1259 826 F
1274 766 1366 846 proE

208 954 214 973 .
245 872 386 932 scribant.
432 871 480 931 Sic
508 873 540 930 in
568 870 754 930 antecedenti
787 891 874 932 versu
912 869 1045 946 „sorum“
1076 891 1131 949 pro
1165 867 1309 944 „eornm“‚
1337 871 1366 928 in
1456 885 1457 914 1

245 975 313 1034 Aul.
339 977 409 1034 667.
444 975 537 1033 Most.
562 975 623 1031 674
657 971 761 1052 „inge“
792 993 848 1054 pro
879 971 990 1049 „enge“
1022 975 1177 1052 scriptum.
1203 1003 1245 1013 -—
1263 969 1366 1048 poan,

244 1078 306 1136 vid.
327 1077 365 1136 ad
382 1077 491 1154 Amph.
513 1078 582 1135 175.
604 1105 649 1116 -
671 1078 742 1136 549.
766 1077 876 1138 Versus
898 1097 935 1138 ne
959 1083 1028 1135 ante
1051 1075 1189 1134 diaeresin
1212 1075 1366 1153 spondeum

246 1180 378 1252 haberet,
398 1178 444 1238 Fl.
464 1177 527 1238 ed:
556 1178 692 1251 „Uirtute
714 1179 746 1237 id
768 1179 898 1256 conlega
921 1179 1009 1238 huius
1034 1174 1117 1252 [mei]
1141 1197 1263 1254 meaque
1284 1177 1367 1235 eomi-

245 1279 340 1341 tate“.
359 1313 401 1322 —
420 1277 563 1358 conleyae
580 1282 616 1340 ci.
634 1283 704 1340 569.
721 1311 764 1322 ·-
781 1277 929 1356 emitote,
949 1283 968 1340 i.
988 1304 1012 1341 e.
1031 1281 1177 1340 facilitate
1194 1280 1367 1352 adinventis,

246 1385 282 1442 cl.
306 1383 370 1442 Mil.
397 1386 451 1442 79:
485 1383 577 1457 „mihi
605 1383 643 1442 ad
672 1383 868 1442 enarrandum
897 1384 952 1444 hoc
981 1387 1218 1459 argumentnmst
1241 1385 1366 1454 comitas,

246 1485 276 1544 Si
306 1485 343 1544 ed
373 1486 600 1546 auscultandum
630 1491 731 1545 nostra
760 1489 818 1546 erit
845 1483 1044 1562 benignitas“.
1089 1484 1172 1544 Trin.
1197 1486 1270 1544 356:
1301 1485 1368 1562 „qni

246 1589 381 1647 comitati
407 1590 499 1648 simus
520 1587 801 1648 beneuolentibus“.
825 1619 868 1630 -
893 1591 962 1648 550.
987 1587 1096 1646 Verane
1119 1607 1207 1646 cauea
1228 1587 1271 1646 Fl.
1297 1586 1368 1660 „Qui

246 1697 322 1750 mest
349 1693 397 1750 uir
424 1689 551 1750 lorti0r“
584 1691 712 1769 scripsit.
759 1691 837 1764 Quid
860 1693 884 1750 si
908 1693 1065 1750 omittatur
1093 1689 1215 1748 verbum
1238 1689 1367 1749 substan·
1456 1741 1457 1744 ,

244 1795 348 1867 tinem,
372 1799 405 1852 ut
428 1815 455 1852 v.
482 1793 565 1852 548?
588 1823 631 1834 -
656 1795 725 1852 551.
749 1787 874 1871 Edepol
893 1790 957 1872 qni,
980 1781 1039 1850 vid.
1060 1791 1097 1850 ad
1114 1791 1222 1870 Amph.
1242 1794 1309 1850 769.
1338 1791 1367 1848 Si

245 1897 329 1956 locus
352 1897 470 1970 integer
494 1901 538 1953 est
565 1895 627 1968 „Tu
650 1894 739 1954 vero“
771 1897 870 1973 inquit
903 1899 1051 1969 „virtutes
1079 1900 1148 1954 tuae
1169 1900 1230 1952 tam
1251 1892 1368 1953 laudare

246 2003 342 2076 potes,
368 2017 457 2075 qnam
481 2017 534 2075 ego
558 1997 716 2056 malefacta
738 1997 821 2072 tus“,
845 2005 879 2058 ut
900 1997 1093 2076 hypothetice
1120 1997 1280 2056 efferantur
1307 2016 1367 2074 quae

246 2101 422 2178 simpliciter
440 2099 619 2158 declaranda
638 2108 731 2174 erant,
750 2105 834 2162 onius
851 2103 894 2162 rei
912 2102 1051 2178 quoniam
1069 2101 1215 2160 rationem
1228 2099 1366 2171 desidero,

246 2203 347 2262 malim
366 2223 430 2261 oum
449 2201 570 2262 Gertzio
586 2219 649 2262 noa
666 2224 722 2280 pro
744 2219 828 2264 nune
849 2204 987 2264 scribere.
1022 2203 1057 2262 ln
1079 2207 1191 2286 nostra¹
1205 2201 1249 2262 ed.
1274 2221 1369 2260 errore

246 2305 453 2380 interrogandi
482 2307 597 2381 signnm
626 2307 756 2384 positum
786 2311 832 2365 est
859 2311 929 2382 post
953 2326 980 2363 v.
1007 2306 1082 2378 552,
1111 2309 1146 2363 nt
1173 2305 1204 2363 in
1226 2305 1368 2374 Pareana3

248 2403 301 2484 qui
328 2407 381 2465 illc
409 2407 474 2466 loco
503 2410 633 2483 positum
661 2409 908 2484 interrogativum
938 2427 1000 2466 esse
1029 2407 1142 2485 nequit.
1186 2407 1248 2466 Nec
1278 2407 1369 2480 magis

247 2510 406 2568 relativum
431 2529 494 2567 esse
517 2513 624 2586 potest,
649 2509 730 2586 quod
752 2511 913 2569 voluerunt
931 2509 1067 2588 plerique
1086 2509 1155 2568 inde
1172 2527 1190 2568 a
1206 2509 1368 2568 camerario

247 2619 277 2670 et
305 2611 450 2670 Lambino
479 2611 515 2670 ad
539 2612 601 2684 Fl,
631 2614 681 2689 qui
710 2614 752 2670 sic
779 2612 858 2672 hune
886 2613 982 2672 locum
1011 2611 1206 2670 refluxerunt:
1242 2610 1368 2688 „Edepol

246 2716 368 2772 uirtutis
402 2715 453 2790 qni
486 2719 555 2772 tuas
588 2735 665 2772 nunc
698 2716 794 2791 possit
827 2713 1014 2787 collaudare,
1138 2712 1199 2786 „Ne
1233 2714 1283 2772 ille

246 2835 409 2874 memorare
442 2817 535 2874 multa
571 2815 697 2893 possit“,
740 2821 770 2875 et
802 2818 882 2875 iusto
921 2817 1060 2875 licentius
1099 2837 1153 2874 nec
1191 2817 1252 2874 sine
1290 2816 1370 2893 gravi

247 2917 423 2992 tautologia.
471 2913 523 2978 illo
546 2913 655 2992 multu,
680 2921 698 2976 i.
720 2941 745 2980 e.
769 2920 850 2978 illius
873 2919 990 2996 generis
1012 2917 1116 2976 multa.
1140 2948 1182 2958 -
1207 2921 1276 2978 554.
1301 2912 1369 2990 Ubi,

246 3023 265 3078 i.
290 3041 314 3078 e.
347 3041 407 3097 qua
437 3025 604 3094 occasione,
636 3022 671 3080 cl.
702 3021 739 3080 ad
767 3021 876 3098 Amph.
909 3023 979 3078 246.
1008 3051 1050 3060 -
1080 3021 1149 3078 555.
1173 3015 1280 3080 uerbi-3
1307 3035 1370 3079 core

246 3119 353 3198 tapetia,
377 3125 396 3180 i.
422 3143 446 3180 e.
471 3125 529 3180 rite
552 3125 761 3200 pronuntiatis,
787 3125 883 3182 altero
906 3128 1058 3199 praeeunte
1083 3122 1244 3182 solemnem
1266 3123 1370 3182 sormu-

246 3225 322 3296 lam,
351 3226 382 3282 in
412 3245 470 3302 qua
500 3231 565 3283 erat
597 3228 639 3298 „si
667 3228 763 3284 sciens
791 3223 882 3284 fallo“
910 3223 998 3298 (Plin.
1022 3223 1132 3300 Paneg.
1158 3223 1211 3299 64)
1241 3231 1293 3284 aut
1321 3245 1370 3298 „ex

247 3329 338 3386 animi
361 3325 527 3385 sententia“
556 3324 942 3401 (cic.0ff.111,29,loe);
966 3327 1002 3384 ef.
1021 3327 1126 3386 Bacch.
1149 3330 1240 3386 1021.
1275 3327 1369 3387 Senec.

246 3429 335 3488 Mort.
349 3429 451 3488 Claud.
475 3431 501 3501 1,
522 3431 549 3488 3.
574 3429 633 3488 Cic.
652 3451 707 3507 pro
720 3429 835 3488 Cluent.
855 3431 906 3502 48,
929 3431 1002 3488 134:
1031 3429 1126 3502 „dixit
1147 3449 1178 3489 se
1201 3432 1277 3490 scire
1293 3431 1371 3488 illum

246 3533 396 3608 conceptis
426 3532 525 3589 verbis
553 3529 733 3610 peierasse“.
756 3561 798 3570 -
823 3533 893 3590 557.
916 3546 1011 3607 saepe
1032 3537 1102 3610 post
1124 3527 1224 3592 multa
1253 3537 1285 3592 in
1312 3553 1371 3592 sen·

245 3635 341 3692 tentia
362 3635 504 3711 primaria
529 3635 669 3693 abundat.
716 3634 792 3693 Item
814 3653 842 3691 v.
869 3634 939 3692 567.
980 3633 1022 3692 Ol.
1046 3633 1082 3692 ad
1107 3634 1215 3710 Amph.
1243 3637 1312 3694 156,
1334 3663 1373 3672 -

239 3731 399 3810 penderat,
427 3737 487 3794 vid.
518 3755 607 3812 supra
636 3736 673 3794 ad
701 3757 728 3794 v.
754 3738 826 3794 297.
853 3766 887 3774 -
921 3729 1059 3796 Causam
1082 3733 1212 3796 etiams.
1259 3736 1371 3808 Servus,

246 3839 298 3914 qni
321 3837 495 3897 verberatus
518 3839 660 3897 adversus
683 3836 835 3897 carnifices
858 3838 1005 3896 exclamat
1035 3843 1072 3896 et'
1089 3839 1286 3912 lamentatur,
1311 3859 1372 3898 cum

246 3959 299 3998 reo
322 3946 512 4019 eomparatur
532 3942 563 3999 in
586 3941 698 4002 iudicio
722 3947 825 4000 contra
848 3946 1048 3999 accusatorem
1073 3961 1103 3998 se
1127 3939 1313 4001 defendente.
1335 3972 1374 3980 -

250 4035 340 4116 Octo,
370 4043 406 4100 cf.
431 4043 538 4120 Amph.
558 4046 634 4108 159.
658 4044 737 4102 infra
761 4045 831 4102 567.
854 4074 898 4086 -—
923 4045 993 4102 558.
1017 4037 1151 4102 Astatiae
1173 4065 1189 4102 a
1212 4065 1302 4104 sensu
1328 4045 1373 4104 ah

246 4144 368 4202 horrere
400 4145 519 4222 pridem
554 4147 792 4205 animadversum
828 4151 882 4204 est.
928 4146 990 4204 Iam
1019 4133 1175 4205 Turnebus
1210 4167 1246 4206 ex
1279 4148 1374 4225 glossa

247 4245 344 4320 Festi,
373 4247 453 4326 Epit.
477 4269 506 4325 p.
534 4251 588 4307 20:
623 4249 773 4322 „Artitus,
804 4249 889 4306 bonis
919 4250 1082 4308 instructus
1111 4247 1244 4308 artibus“
1276 4269 1373 4308 verum

246 4349 375 4406 inveniri
396 4369 484 4425 posse
507 4349 592 4423 vidit,
616 4351 669 4408 sed
692 4351 772 4428 quod
795 4353 968 4422 παντέχνους.
983 4355 1142 4432 enarravit,
1161 4357 1287 4426 erravit3
1310 4373 1373 4412 nem

248 4450 356 4507 artitns
391 4469 451 4508 uon
483 4452 576 4526 magis
610 4450 647 4509 ah
681 4457 745 4511 arte
778 4452 909 4512 derivari
942 4459 1041 4532 potest
1071 4475 1160 4532 quarn
1189 4457 1333 4515 mentitus
1359 4477 1375 4512 a
