2992 5054
229 2395 352 2456 paucoa
386 2373 536 2455 equidem
569 2374 714 2439 videram
749 2377 836 2439 omni
870 2374 1025 2440 doctrinae
1059 2381 1092 2441 et
1124 2377 1246 2460 ingenii
1277 2399 1359 2460 prae-

228 2511 352 2577 stantia
370 2510 524 2594 praeditca
541 2511 575 2576 id
593 2512 698 2594 egisse
716 2517 750 2575 et
766 2533 867 2594 quum
883 2512 1023 2577 maxime
1041 2534 1147 2595 agere,
1165 2517 1203 2579 ut
1219 2512 1359 2578 Plautus
1486 2547 1487 2560 κ

229 2648 368 2715 abiectis
390 2645 556 2727 sordibus,
580 2667 662 2732 quas
686 2649 753 2714 situ
776 2652 809 2714 et
831 2648 959 2713 incuria
982 2649 1213 2730 contraxisset,
1237 2651 1269 2714 in
1293 2649 1360 2733 pri-

230 2786 352 2851 stinum
379 2785 521 2850 nitorem
548 2785 796 2864 restitueretur3
825 2783 883 2849 sed
913 2805 1026 2851 eorum
1048 2807 1168 2869 magna
1189 2806 1267 2870 pars
1291 2789 1359 2850 stu-

229 2922 359 2987 diorum
382 2920 500 2987 ardore
523 2920 663 3004 abrepta
684 2921 765 2986 fines
789 2922 900 3003 egredi
924 2921 1107 3004 videbatur,
1128 2927 1175 3000 ut,
1198 2920 1360 3005 quidquid

229 3059 262 3122 in
285 3059 428 3123 numeris
451 3059 581 3124 aurium
604 3058 801 3140 elegantiam
823 3057 1023 3138 offendisset,
1048 3058 1208 3142 quidquid
1232 3059 1266 3122 in
1289 3079 1361 3122 aen-

229 3194 343 3259 tentiis
371 3216 436 3260 aon
466 3197 528 3274 ita,
557 3201 595 3260 ut
617 3196 697 3279 ipsis
725 3195 908 3278 placuerat,
936 3215 1055 3260 nexum
1086 3199 1119 3259 et
1141 3195 1360 3276 compositum

229 3331 333 3396 visum
356 3338 458 3411 esset,
487 3331 680 3415 corrigendo
710 3337 744 3396 et
771 3331 1016 3415 transponendo
1043 3331 1271 3410 emendarent,
1296 3351 1362 3412 qua

228 3468 356 3534 ratione
390 3468 476 3534 tales
506 3475 540 3533 et
567 3473 636 3534 tam
671 3467 859 3553 frequentes
892 3488 1019 3533 errores
1053 3469 1131 3534 eriri
1164 3469 1361 3552 potuissent,

230 3627 347 3688 parum
371 3611 534 3670 curantes.
578 3604 684 3670 Multa
712 3604 865 3670 videbam
885 3605 974 3669 viros
997 3604 1113 3670 doctos
1136 3611 1225 3671 recte
1249 3604 1362 3670 obaer-

229 3764 340 3824 vasse,
374 3743 431 3808 aed
463 3741 592 3825 legibus
627 3763 647 3806 a
680 3763 713 3806 se
747 3741 886 3806 inventis
919 3742 1054 3806 nimiam
1086 3742 1241 3807 fiduciam
1281 3741 1361 3806 mihi

229 3880 352 3946 habere
379 3877 590 3958 videbantur,
620 3877 796 3962 Plautique
823 3883 949 3943 textum
972 3899 1072 3960 quum
1101 3878 1142 3943 ad
1170 3878 1244 3943 illas
1271 3879 1362 3961 leges

230 4019 411 4101 exigerent,
438 4015 581 4080 nitidum
610 4015 702 4080 illum
736 4015 867 4098 quidam
895 4020 929 4080 et
955 4015 1134 4080 rotundum
1163 4015 1274 4094 edere,
1304 4015 1362 4079 sed

229 4123 372 4220 fortasse
395 4175 415 4218 a
437 4152 555 4219 Plauto
578 4174 643 4220 non
666 4153 748 4218 nihil
769 4152 922 4238 alienum.
968 4153 1018 4217 Tu
1041 4174 1092 4217 me
1116 4175 1181 4218 non
1204 4153 1364 4236 supersti-

229 4292 350 4357 tiosum
372 4291 483 4376 potius
506 4311 605 4375 quam
628 4296 762 4356 cautum
782 4288 980 4374 appellabis,
1004 4287 1093 4370 qued
1114 4288 1254 4370 legibue,
1278 4309 1363 4374 quaa

230 4429 451 4513 proponimus¹
475 4429 555 4493 artis
578 4429 723 4493 metrica
746 4432 779 4491 et
801 4427 1024 4509 grammaticae
1043 4448 1106 4490 non
1126 4425 1250 4510 ubique
1266 4425 1363 4491 Plau-
