2968 5030
242 499 307 561 430
741 493 881 550 Minuit

242 689 316 748 mihi
337 689 513 768 promiseris
536 707 659 748 uxorem
681 709 776 748 meam
797 708 859 748 non
880 689 962 748 ultre
983 707 1093 748 sunem
1120 688 1278 748 victurem.
1322 685 1388 746 Sed

243 794 268 851 si
290 793 348 853 hoc
368 792 528 866 voluisset,
558 791 661 870 potius
688 796 816 851 moriem
844 791 949 852 uxoris
973 790 1113 864 dixisset,
1136 791 1164 850 si
1185 790 1306 868 quidem
1334 790 1387 848 vel

243 915 343 954 annue
363 897 428 954 vite
450 899 514 955 eius
536 896 626 973 longe
648 895 675 953 ei
697 893 859 968 videretur,
883 899 918 953 ut
940 913 1056 954 meus
1073 913 1170 972 penus
1186 892 1294 952 Pseud.
1317 895 1385 953 177

243 999 334 1057 etiem
356 998 457 1056 lenoni
480 998 636 1057 satisfacit.
670 995 765 1056 immo
781 995 979 1057 hilarissimus
996 1015 1086 1056 senex
1108 998 1185 1074 παρὰ
1207 997 1387 1073 προσδοκίαν

242 1120 299 1178 pro
321 1120 355 1159 rc
377 1101 478 1179 magni
499 1101 593 1177 pretii
615 1098 647 1158 id
668 1099 772 1178 ponit,
803 1098 886 1177 quod
913 1101 1037 1158 minime
1063 1103 1162 1176 episi,
1192 1118 1258 1177 qum
1280 1097 1388 1176 figure

243 1209 273 1262 ct
295 1203 375 1282 epud
398 1203 474 1262 elios
496 1203 673 1280 scriptores,
704 1203 757 1279 qui
784 1203 876 1262 risum
904 1205 1058 1279 quierunt,
1086 1201 1228 1279 frequens
1257 1207 1322 1276 esi,
1349 1207 1387 1260 ut

243 1307 342 1366 Ceiul.
367 1307 423 1379 44,
448 1307 503 1364 20:
542 1303 628 1378 ,Non
662 1304 806 1382 deprecor
838 1304 914 1377 iem,
948 1307 974 1363 si
1007 1304 1124 1364 neferie
1156 1307 1271 1383 scripte
1297 1303 1386 1364 Sesti

242 1428 379 1486 recepso,
409 1409 482 1486 quin
509 1405 701 1486 gravedinem
730 1411 762 1464 si
788 1407 895 1466 iussim
916 1405 986 1466 Non
1007 1407 1096 1481 mihi,
1119 1406 1173 1466 sed
1193 1408 1254 1485 ipsi
1276 1406 1386 1466 Sestio

242 1511 322 1570 ferei
344 1507 469 1589 frigus“,
498 1515 530 1569 ei
558 1508 639 1588 epud
660 1508 816 1582 Plautum,
840 1529 868 1568 v.
892 1507 998 1576 Becch.
1025 1512 1101 1570 501:
1134 1509 1191 1584 ,Ni
1214 1529 1270 1589 ego
1291 1511 1384 1569 illem

242 1614 385 1692 exemplis
407 1613 554 1692 plurumis
576 1611 786 1691 pleneque-
803 1609 901 1671 emo“.
937 1611 1022 1672 Curc.
1037 1613 1113 1672 561:
1140 1611 1265 1686 ,Seluos
1285 1631 1384 1690 quom

242 1715 367 1775 aduenis
383 1715 418 1774 In
434 1715 630 1794 Epidaurum,
653 1714 702 1774 hic
724 1714 812 1774 hodie
832 1715 914 1793 epud
932 1733 980 1774 me
996 1743 1039 1754 -
1056 1734 1219 1793 numquam
1241 1715 1383 1794 delinges

242 1815 365 1878 selem“.
404 1817 496 1876 Most.
519 1817 595 1875 248ι
623 1815 685 1890 ,ob
708 1818 786 1876 istuc
807 1817 947 1891 uerbum,
971 1838 1009 1877 ne
1030 1819 1226 1896 nequiquem,
1249 1817 1382 1894 Scephs,

241 1925 305 1978 tem
326 1918 425 1998 lepide
448 1919 570 1992 dixeris,
593 1918 678 1978 Dabo
702 1919 818 1997 aliquid
844 1919 932 1979 hodic
954 1920 1061 1998 peculi,
1083 1919 1141 1978 tibi
1163 1949 1201 1960 -
1226 1919 1382 1980 Phileme-

242 2023 317 2082 iium
345 2019 442 2082 mca“.
487 2021 595 2080 Pseud.
623 2023 721 2082 1174:
759 2023 921 2096 ,Quamuis
950 2023 1057 2102 pernix
1091 2023 1116 2080 is
1148 2021 1284 2094 homost3
1312 2022 1382 2082 Ubi

241 2145 340 2186 suram
370 2126 512 2202 aspicias,
541 2125 618 2183 scies
645 2143 733 2202 posse
761 2146 828 2185 eum
855 2155 898 2166 —
925 2143 1028 2202 gerere
1056 2144 1171 2184 cresces
1193 2123 1380 2204 conpedcs¹‘.

241 2228 323 2288 Pers.
349 2230 425 2287 397:
464 2225 556 2300 ,Cum
589 2225 645 2286 hec
679 2225 749 2286 dote
776 2229 891 2306 poteris
918 2228 968 2286 uel
994 2257 1037 2268 --
1065 2227 1201 2288 mendico
1228 2227 1379 2287 nubere“.
1480 2257 1481 2260 ¹

240 2330 323 2389 Trin.
348 2331 425 2389 723:
464 2327 578 2402 ,Credo
607 2328 646 2387 ed
674 2349 804 2388 summos
832 2329 992 2389 bellatores
1018 2359 1062 2372 -
1090 2349 1188 2389 acrem
1214 2331 1379 2408 iugitcrem

241 2430 336 2493 icre“.
380 2431 500 2490 Trucul.
526 2433 603 2491 347:
638 2430 702 2504 ,Iis
730 2449 785 2508 ego
813 2432 895 2492 illem
924 2427 1106 2510 (pscnniem)
1131 2451 1249 2492 semem
1271 2435 1379 2509 iisque
1480 2425 1481 2445 ¹

240 2555 330 2612 perce
348 2537 492 2608 uictitem,
510 2533 553 2594 Ut
570 2533 653 2592 nulle
669 2534 761 2592 fexim
779 2535 822 2594 cis
839 2535 903 2594 dies
920 2555 1032 2614 peuces
1048 2531 1136 2594 siet“.
1153 2565 1198 2578 -·
1215 2537 1287 2596 878.
1299 2535 1377 2596 Post

239 2634 286 2697 ire
302 2637 402 2696 hiatus
419 2637 451 2695 in
467 2655 587 2696 caesure.
611 2635 716 2696 Boih.:
738 2634 879 2711 „illunc“.
909 2637 996 2710 Quod
1014 2643 1112 2698 eutem
1130 2637 1243 2698 dicitur
1264 2639 1376 2712 ,hodie

238 2741 370 2817 primum
398 2743 442 2798 ire
471 2739 630 2798 adsuetum
653 2736 735 2798 esse¹⁴
760 2759 817 2818 pro
844 2738 949 2814 ,hodie
971 2742 1102 2820 primum
1123 2741 1167 2799 ire
1189 2761 1245 2800 nec
1267 2740 1374 2800 edsue-

238 2847 303 2901 tum
326 2838 421 2915 esse“,
448 2861 555 2920 perum
582 2847 720 2902 eccureie
747 2843 779 2900 in
807 2863 897 2902 mrem
919 2844 1099 2903 sententiam
1121 2843 1281 2917 coniectis,
1305 2863 1373 2921 ques

240 2945 365 3004 duerum
388 2963 451 3004 esse
474 2942 638 3018 debebant,
661 2945 733 3012 telis
755 2947 872 3005 incurie
893 2945 1101 3023 quotidianum
1127 2945 1283 3006 hominum
1309 2967 1371 3005 ser-

239 3067 357 3107 monem
378 3045 531 3106 interdum
552 3047 684 3121 insedit,
708 3047 745 3107 ci.
769 3046 854 3107 Curc.
879 3049 940 3110 204
963 3069 1024 3126 sq.:
1054 3049 1236 3126 „Quousque
1259 3069 1371 3128 queeso

239 3149 277 3210 ed
298 3150 377 3210 hunc
401 3150 522 3210 modum
544 3149 627 3209 Inter
649 3169 703 3209 nos
725 3170 825 3209 emcre
851 3155 970 3210 utemur
997 3171 1115 3230 semper
1137 3147 1366 3231 subrepticio?“

237 3272 294 3329 pro
320 3251 500 3330 „Quousque
530 3257 560 3312 ci
586 3273 656 3312 num
679 3249 837 3331 semper?“
862 3285 905 3295 —
928 3256 998 3313 879.
1024 3251 1109 3331 quod
1129 3249 1263 3316 ana‘llae
1285 3269 1370 3314 meas

238 3349 424 3431 mespicabar
444 3375 484 3414 sc.
509 3356 615 3429 fecere,
639 3356 675 3414 ci.
695 3355 775 3415 Men.
796 3357 874 3416 739:
901 3355 1046 3432 „Eceeicr
1063 3359 1179 3435 periier
1200 3357 1257 3416 hoc
1281 3363 1368 3434 ecque

238 3458 311 3516 elias
322 3477 370 3516 res
387 3453 494 3518 soles“.
518 3457 584 3518 Mil.
600 3459 698 3518 1011:
721 3459 795 3534 „Pol
812 3459 890 3519 istuc
902 3458 1022 3537 quidem
1038 3455 1168 3519 multec“
1189 3479 1229 3520 sc.
1242 3461 1365 3518 iaciunt.

239 3589 277 3600 -
303 3562 374 3619 881.
398 3555 470 3620 dari
491 3560 643 3621 Acidelius
672 3581 727 3620 em.
757 3581 847 3621 versu
874 3561 1003 3621 iubente.
1032 3591 1075 3604 --
1101 3557 1221 3624 dudum
1249 3561 1366 3641 factum

237 3662 284 3721 est
306 3677 412 3739 quom,
444 3663 480 3722 ci.
503 3663 613 3741 Amph.
639 3665 715 3724 685:
750 3685 859 3743 „quem
886 3664 998 3724 dudum
1025 3666 1105 3724 istuc
1131 3661 1365 3725 4888111188.-

237 3766 309 3824 882.
332 3764 430 3825 Puero
453 3768 591 3844 imperet,
614 3771 650 3825 ut
671 3767 761 3827 initio
784 3767 864 3826 fecto
887 3767 924 3826 eb
946 3787 981 3826 co
1004 3769 1138 3842 convive,
1162 3769 1214 3846 qui
1235 3785 1364 3830 summus

237 3867 406 3942 eccumbei,
441 3871 493 3947 qui
526 3869 574 3928 hic
607 3875 653 3928 esi
685 3869 891 3948 Argyrippus,
930 3873 1033 3930 vinum
1065 3869 1181 3948 poculis
1214 3869 1363 3940 infundet3

237 3969 302 4046 ipse
325 3971 445 4030 inierim
467 3971 643 4031 Philesium
666 3973 746 4032 infra
768 3993 799 4032 se
822 3971 1044 4032 decumbentem
1072 3974 1186 4032 serium
1207 3977 1302 4050 regei.
1324 4001 1364 4010 -

238 4073 309 4130 883.
334 4067 438 4150 capuli
461 4069 572 4149 decue,
596 4075 615 4133 i.
639 4095 663 4134 e.
689 4075 741 4152 qui
764 4074 904 4153 capulum
927 4075 1021 4150 dccet,
1045 4095 1135 4134 senex
1157 4076 1274 4152 cepulo,
1297 4075 1316 4132 i.
1338 4093 1362 4132 e.

236 4174 423 4254 sarcophago
452 4177 513 4234 sive
542 4177 698 4254 sepulchro
721 4176 903 4251 destinatus,
928 4179 979 4255 qui
1001 4177 1066 4238 Mil.
1091 4179 1152 4238 629
1179 4173 1360 4257 „cepuleris“

237 4273 355 4336 dicitur.
400 4276 526 4336 Versum
549 4277 637 4337 efferi
658 4277 775 4338 Nonius
795 4299 826 4358 p.
850 4281 880 4338 4.
