<?xml version="1.0" encoding="UTF-8"?>
<!DOCTYPE html PUBLIC "-//W3C//DTD XHTML 1.0 Transitional//EN"
    "http://www.w3.org/TR/xhtml1/DTD/xhtml1-transitional.dtd">
<html xmlns="http://www.w3.org/1999/xhtml" xml:lang="en" lang="en">
 <head>
  <title>
</title>
<meta http-equiv="Content-Type" content="text/html;charset=utf-8" />
  <meta name='ocr-system' content='tesseract 3.04.00' />
  <meta name='ocr-capabilities' content='ocr_page ocr_carea ocr_par ocr_line ocrx_word'/>
</head>
<body>
  <div class='ocr_page' id='page_1' title='image "./tmacciiplautico02ussigoog_0246.png"; bbox 0 0 2960 5038; ppageno 0'>
   <div class='ocr_carea' id='block_1_1' title="bbox 618 443 1269 512">
    <p class='ocr_par' dir='ltr' id='par_1_1' title="bbox 618 443 1269 512">
     <span class='ocr_line' id='line_1_1' title="bbox 618 443 1269 512; baseline 0.015 -17"><span class='ocrx_word' id='word_1_1' title='bbox 618 443 795 512; x_wconf 80' lang='lat' dir='ltr'><strong>Amphitruo.</strong></span> <span class='ocrx_word' id='word_1_2' title='bbox 1209 445 1269 505; x_wconf 78' lang='lat'><strong>231</strong></span> 
     </span>
    </p>
   </div>
   <div class='ocr_carea' id='block_1_2' title="bbox 93 629 1273 3468">
    <p class='ocr_par' dir='ltr' id='par_1_2' title="bbox 93 629 1273 3468">
     <span class='ocr_line' id='line_1_2' title="bbox 95 629 1273 714; baseline 0.007 -30"><span class='ocrx_word' id='word_1_3' title='bbox 95 629 244 707; x_wconf 87' lang='lat' dir='ltr'><strong>lemque</strong></span> <span class='ocrx_word' id='word_1_4' title='bbox 281 637 447 696; x_wconf 82' lang='lat' dir='ltr'><strong>Fornando</strong></span> <span class='ocrx_word' id='word_1_5' title='bbox 469 637 560 696; x_wconf 82' lang='lat' dir='ltr'><strong>Peren</strong></span> <span class='ocrx_word' id='word_1_6' title='bbox 583 638 734 714; x_wconf 82' lang='lat' dir='ltr'><strong>Hispanus</strong></span> <span class='ocrx_word' id='word_1_7' title='bbox 763 633 923 710; x_wconf 73' lang='lat' dir='ltr'><strong>(Cordubae</strong></span> <span class='ocrx_word' id='word_1_8' title='bbox 949 633 1055 707; x_wconf 76' lang='lat'>1585).</span> <span class='ocrx_word' id='word_1_9' title='bbox 1100 635 1273 711; x_wconf 73' lang='lat' dir='ltr'><strong>seqnuntur</strong></span> 
     </span>
     <span class='ocr_line' id='line_1_3' title="bbox 95 735 1272 816; baseline 0.007 -28"><span class='ocrx_word' id='word_1_10' title='bbox 95 735 251 794; x_wconf 86' lang='lat' dir='ltr'><strong>maioris</strong></span> <span class='ocrx_word' id='word_1_11' title='bbox 289 741 423 798; x_wconf 90' lang='lat' dir='ltr'><strong>nominis</strong></span> <span class='ocrx_word' id='word_1_12' title='bbox 449 744 561 816; x_wconf 75' lang='lat' dir='ltr'><strong>poetae,</strong></span> <span class='ocrx_word' id='word_1_13' title='bbox 584 739 699 798; x_wconf 85' lang='lat' dir='ltr'><strong>Rotrou</strong></span> <span class='ocrx_word' id='word_1_14' title='bbox 721 738 840 812; x_wconf 80' lang='lat' dir='ltr'>Gallus,</span> <span class='ocrx_word' id='word_1_15' title='bbox 870 741 922 815; x_wconf 88' lang='lat' dir='ltr'><strong>qui</strong></span> <span class='ocrx_word' id='word_1_16' title='bbox 949 739 1070 816; x_wconf 77' lang='lat' dir='ltr'>scripsit</span> <span class='ocrx_word' id='word_1_17' title='bbox 1096 737 1171 808; x_wconf 82' lang='lat' dir='ltr'><strong>„Les</strong></span> <span class='ocrx_word' id='word_1_18' title='bbox 1194 737 1272 796; x_wconf 85' lang='lat' dir='ltr'><strong>deux</strong></span> 
     </span>
     <span class='ocr_line' id='line_1_4' title="bbox 93 833 1272 918; baseline 0.003 -26"><span class='ocrx_word' id='word_1_19' title='bbox 93 833 264 913; x_wconf 83' lang='lat' dir='ltr'><strong>Sosies“‚</strong></span> <span class='ocrx_word' id='word_1_20' title='bbox 299 841 441 914; x_wconf 58' lang='lat' dir='ltr'><strong>Molitus,</strong></span> <span class='ocrx_word' id='word_1_21' title='bbox 470 843 553 900; x_wconf 89' lang='lat' dir='ltr'><strong>cuius</strong></span> <span class='ocrx_word' id='word_1_22' title='bbox 580 840 780 918; x_wconf 78' lang='lat' dir='ltr'><strong>Amphitryon</strong></span> <span class='ocrx_word' id='word_1_23' title='bbox 812 843 903 916; x_wconf 79' lang='lat' dir='ltr'><strong>vulgo</strong></span> <span class='ocrx_word' id='word_1_24' title='bbox 936 847 1025 899; x_wconf 88' lang='lat' dir='ltr'><strong>notus</strong></span> <span class='ocrx_word' id='word_1_25' title='bbox 1059 845 1120 912; x_wconf 82' lang='lat' dir='ltr'><strong>est,</strong></span> <span class='ocrx_word' id='word_1_26' title='bbox 1148 839 1272 915; x_wconf 79' lang='lat' dir='ltr'><strong>Drydeu</strong></span> 
     </span>
     <span class='ocr_line' id='line_1_5' title="bbox 96 939 1271 1021; baseline 0.003 -25"><span class='ocrx_word' id='word_1_27' title='bbox 96 939 247 1012; x_wconf 79' lang='lat' dir='ltr'><strong>Auglus</strong></span> <span class='ocrx_word' id='word_1_28' title='bbox 279 943 362 1021; x_wconf 89' lang='lat' dir='ltr'><strong>apud</strong></span> <span class='ocrx_word' id='word_1_29' title='bbox 382 963 452 1002; x_wconf 90' lang='lat' dir='ltr'><strong>suos</strong></span> <span class='ocrx_word' id='word_1_30' title='bbox 468 944 685 1015; x_wconf 83' lang='lat' dir='ltr'><strong>celeberrimus,</strong></span> <span class='ocrx_word' id='word_1_31' title='bbox 704 945 803 1002; x_wconf 83' lang='lat' dir='ltr'><strong>Kleist</strong></span> <span class='ocrx_word' id='word_1_32' title='bbox 820 943 994 1002; x_wconf 79' lang='lat' dir='ltr'><strong>Germanus.</strong></span> <span class='ocrx_word' id='word_1_33' title='bbox 1024 942 1156 1014; x_wconf 80' lang='lat' dir='ltr'><strong>Quorum</strong></span> <span class='ocrx_word' id='word_1_34' title='bbox 1179 961 1271 1018; x_wconf 87' lang='lat' dir='ltr'><strong>quum</strong></span> 
     </span>
     <span class='ocr_line' id='line_1_6' title="bbox 96 1041 1271 1123; baseline 0.006 -27"><span class='ocrx_word' id='word_1_35' title='bbox 96 1041 195 1100; x_wconf 82' lang='lat' dir='ltr'><strong>alius</strong></span> <span class='ocrx_word' id='word_1_36' title='bbox 226 1046 322 1104; x_wconf 88' lang='lat' dir='ltr'><strong>aliud</strong></span> <span class='ocrx_word' id='word_1_37' title='bbox 345 1048 432 1123; x_wconf 89' lang='lat' dir='ltr'><strong>qussi</strong></span> <span class='ocrx_word' id='word_1_38' title='bbox 454 1067 491 1104; x_wconf 82' lang='lat' dir='ltr'><strong>ex</strong></span> <span class='ocrx_word' id='word_1_39' title='bbox 512 1048 636 1123; x_wconf 87' lang='lat' dir='ltr'><strong>pereuni</strong></span> <span class='ocrx_word' id='word_1_40' title='bbox 662 1047 742 1104; x_wconf 78' lang='lat' dir='ltr'><strong>fonte</strong></span> <span class='ocrx_word' id='word_1_41' title='bbox 764 1046 904 1104; x_wconf 89' lang='lat' dir='ltr'><strong>haustum</strong></span> <span class='ocrx_word' id='word_1_42' title='bbox 926 1047 956 1103; x_wconf 91' lang='lat' dir='ltr'><strong>iu</strong></span> <span class='ocrx_word' id='word_1_43' title='bbox 980 1065 1066 1103; x_wconf 91' lang='lat' dir='ltr'><strong>sunm</strong></span> <span class='ocrx_word' id='word_1_44' title='bbox 1095 1065 1180 1103; x_wconf 88' lang='lat' dir='ltr'><strong>usum</strong></span> <span class='ocrx_word' id='word_1_45' title='bbox 1203 1065 1271 1103; x_wconf 93' lang='lat' dir='ltr'><strong>con·</strong></span> 
     </span>
     <span class='ocr_line' id='line_1_7' title="bbox 97 1135 1270 1225; baseline 0 -21"><span class='ocrx_word' id='word_1_46' title='bbox 97 1151 283 1220; x_wconf 77' lang='lat' dir='ltr'><strong>verterit,</strong></span> <span class='ocrx_word' id='word_1_47' title='bbox 308 1149 383 1208; x_wconf 85' lang='lat' dir='ltr'><strong>alins</strong></span> <span class='ocrx_word' id='word_1_48' title='bbox 405 1149 463 1206; x_wconf 83' lang='lat' dir='ltr'><strong>alia</strong></span> <span class='ocrx_word' id='word_1_49' title='bbox 485 1149 587 1225; x_wconf 77' lang='lat' dir='ltr'><strong>lingua</strong></span> <span class='ocrx_word' id='word_1_50' title='bbox 608 1149 779 1225; x_wconf 88' lang='lat' dir='ltr'><strong>loquentem</strong></span> <span class='ocrx_word' id='word_1_51' title='bbox 802 1149 927 1225; x_wconf 86' lang='lat' dir='ltr'><strong>aliisque</strong></span> <span class='ocrx_word' id='word_1_52' title='bbox 951 1148 1085 1207; x_wconf 86' lang='lat' dir='ltr'><strong>moribus</strong></span> <span class='ocrx_word' id='word_1_53' title='bbox 1113 1135 1270 1205; x_wconf 85' lang='lat' dir='ltr'><strong>educatum</strong></span> 
     </span>
     <span class='ocr_line' id='line_1_8' title="bbox 99 1247 1271 1324; baseline 0.003 -21"><span class='ocrx_word' id='word_1_54' title='bbox 99 1247 390 1324; x_wconf 79' lang='lat' dir='ltr'><strong>Amphitruonem</strong></span> <span class='ocrx_word' id='word_1_55' title='bbox 411 1251 589 1322; x_wconf 80' lang='lat' dir='ltr'>reddiderit,</span> <span class='ocrx_word' id='word_1_56' title='bbox 614 1271 715 1310; x_wconf 86' lang='lat' dir='ltr'><strong>omnes</strong></span> <span class='ocrx_word' id='word_1_57' title='bbox 737 1257 837 1309; x_wconf 85' lang='lat' dir='ltr'><strong>tamen</strong></span> <span class='ocrx_word' id='word_1_58' title='bbox 854 1249 962 1310; x_wconf 89' lang='lat' dir='ltr'><strong>Plauto</strong></span> <span class='ocrx_word' id='word_1_59' title='bbox 985 1252 1142 1308; x_wconf 82' lang='lat' dir='ltr'><strong>inferiores</strong></span> <span class='ocrx_word' id='word_1_60' title='bbox 1164 1249 1271 1308; x_wconf 87' lang='lat' dir='ltr'><strong>abiisse</strong></span> 
     </span>
     <span class='ocr_line' id='line_1_9' title="bbox 100 1351 294 1411; baseline 0.036 -6"><span class='ocrx_word' id='word_1_61' title='bbox 100 1351 294 1411; x_wconf 83' lang='lat' dir='ltr'><strong>videntur.</strong></span> 
     </span>
     <span class='ocr_line' id='line_1_10' title="bbox 215 1454 1272 1533; baseline 0 -21"><span class='ocrx_word' id='word_1_62' title='bbox 215 1454 355 1513; x_wconf 79' lang='lat' dir='ltr'><strong>Nomina</strong></span> <span class='ocrx_word' id='word_1_63' title='bbox 381 1475 577 1533; x_wconf 85' lang='lat' dir='ltr'><strong>personarum</strong></span> <span class='ocrx_word' id='word_1_64' title='bbox 607 1457 717 1533; x_wconf 86' lang='lat' dir='ltr'><strong>partim</strong></span> <span class='ocrx_word' id='word_1_65' title='bbox 741 1475 777 1512; x_wconf 87' lang='lat' dir='ltr'><strong>ex</strong></span> <span class='ocrx_word' id='word_1_66' title='bbox 802 1457 925 1532; x_wconf 83' lang='lat' dir='ltr'><strong>antique</strong></span> <span class='ocrx_word' id='word_1_67' title='bbox 945 1457 1121 1514; x_wconf 75' lang='lat' dir='ltr'><strong>narratione</strong></span> <span class='ocrx_word' id='word_1_68' title='bbox 1143 1455 1272 1531; x_wconf 88' lang='lat' dir='ltr'><strong>repetita</strong></span> 
     </span>
     <span class='ocr_line' id='line_1_11' title="bbox 106 1549 1271 1634; baseline 0.003 -23"><span class='ocrx_word' id='word_1_69' title='bbox 106 1559 220 1628; x_wconf 78' lang='lat' dir='ltr'><strong>sunt,</strong></span> <span class='ocrx_word' id='word_1_70' title='bbox 250 1559 362 1634; x_wconf 85' lang='lat' dir='ltr'><strong>partim</strong></span> <span class='ocrx_word' id='word_1_71' title='bbox 386 1558 424 1615; x_wconf 94' lang='lat' dir='ltr'><strong>ad</strong></span> <span class='ocrx_word' id='word_1_72' title='bbox 446 1559 599 1634; x_wconf 80' lang='lat' dir='ltr'><strong>vulgarem</strong></span> <span class='ocrx_word' id='word_1_73' title='bbox 628 1557 837 1616; x_wconf 85' lang='lat' dir='ltr'><strong>comoediarum</strong></span> <span class='ocrx_word' id='word_1_74' title='bbox 860 1577 973 1616; x_wconf 87' lang='lat' dir='ltr'><strong>morem</strong></span> <span class='ocrx_word' id='word_1_75' title='bbox 994 1557 1130 1615; x_wconf 72' lang='lat' dir='ltr'><strong>formate,</strong></span> <span class='ocrx_word' id='word_1_76' title='bbox 1177 1549 1271 1614; x_wconf 78' lang='lat' dir='ltr'><strong>Sosia</strong></span> 
     </span>
     <span class='ocr_line' id='line_1_12' title="bbox 108 1653 1271 1739; baseline 0.003 -28"><span class='ocrx_word' id='word_1_77' title='bbox 108 1660 248 1716; x_wconf 77' lang='lat' dir='ltr'><strong>servile</strong></span> <span class='ocrx_word' id='word_1_78' title='bbox 277 1679 385 1718; x_wconf 89' lang='lat' dir='ltr'><strong>nomen</strong></span> <span class='ocrx_word' id='word_1_79' title='bbox 413 1665 459 1718; x_wconf 88' lang='lat' dir='ltr'><strong>est</strong></span> <span class='ocrx_word' id='word_1_80' title='bbox 487 1677 547 1718; x_wconf 89' lang='lat' dir='ltr'><strong>non</strong></span> <span class='ocrx_word' id='word_1_81' title='bbox 569 1661 757 1739; x_wconf 79' lang='lat' dir='ltr'><strong>infreqneus3</strong></span> <span class='ocrx_word' id='word_1_82' title='bbox 785 1653 949 1734; x_wconf 78' lang='lat' dir='ltr'><strong>Blepharo</strong></span> <span class='ocrx_word' id='word_1_83' title='bbox 976 1657 1159 1733; x_wconf 83' lang='lat' dir='ltr'><strong>gubernator</strong></span> <span class='ocrx_word' id='word_1_84' title='bbox 1186 1658 1271 1715; x_wconf 88' lang='lat' dir='ltr'><strong>navis</strong></span> 
     </span>
     <span class='ocr_line' id='line_1_13' title="bbox 110 1755 1269 1837; baseline 0.002 -23"><span class='ocrx_word' id='word_1_85' title='bbox 110 1757 250 1818; x_wconf 88' lang='lat' dir='ltr'><strong>dicitur</strong></span> <span class='ocrx_word' id='word_1_86' title='bbox 273 1782 290 1818; x_wconf 90' lang='lat' dir='ltr'><strong>a</strong></span> <span class='ocrx_word' id='word_1_87' title='bbox 312 1761 476 1837; x_wconf 87' lang='lat' dir='ltr'><strong>spectando</strong></span> <span class='ocrx_word' id='word_1_88' title='bbox 501 1759 640 1834; x_wconf 74' lang='grc' dir='ltr'>(ἀπὸτοῦ</span> <span class='ocrx_word' id='word_1_89' title='bbox 661 1758 792 1836; x_wconf 77' lang='grc' dir='ltr'><strong><em>βλέπειν),</em></strong></span> <span class='ocrx_word' id='word_1_90' title='bbox 818 1755 951 1820; x_wconf 78' lang='lat' dir='ltr'><strong>Bromia</strong></span> <span class='ocrx_word' id='word_1_91' title='bbox 974 1760 1090 1832; x_wconf 89' lang='lat' dir='ltr'><strong>ancilla,</strong></span> <span class='ocrx_word' id='word_1_92' title='bbox 1115 1777 1181 1837; x_wconf 76' lang='lat' dir='ltr'><strong>quse</strong></span> <span class='ocrx_word' id='word_1_93' title='bbox 1202 1779 1269 1816; x_wconf 88' lang='lat' dir='ltr'><strong>cum</strong></span> 
     </span>
     <span class='ocr_line' id='line_1_14' title="bbox 113 1857 1270 1938; baseline 0.001 -21"><span class='ocrx_word' id='word_1_94' title='bbox 113 1864 271 1920; x_wconf 75' lang='lat' dir='ltr'><strong>tumultu</strong></span> <span class='ocrx_word' id='word_1_95' title='bbox 295 1860 413 1938; x_wconf 80' lang='grc' dir='ltr'>(βρόμῳ)</span> <span class='ocrx_word' id='word_1_96' title='bbox 438 1869 468 1921; x_wconf 88' lang='lat' dir='ltr'><strong>et</strong></span> <span class='ocrx_word' id='word_1_97' title='bbox 490 1865 652 1922; x_wconf 89' lang='lat' dir='ltr'><strong>eiulatioue</strong></span> <span class='ocrx_word' id='word_1_98' title='bbox 676 1884 712 1922; x_wconf 86' lang='lat' dir='ltr'><strong>ex</strong></span> <span class='ocrx_word' id='word_1_99' title='bbox 734 1863 848 1921; x_wconf 74' lang='lat' dir='ltr'><strong>sedibus</strong></span> <span class='ocrx_word' id='word_1_100' title='bbox 866 1864 927 1919; x_wconf 88' lang='lat' dir='ltr'><strong>exit</strong></span> <span class='ocrx_word' id='word_1_101' title='bbox 944 1859 985 1935; x_wconf 90' lang='grc'><strong>(1.</strong></span> <span class='ocrx_word' id='word_1_102' title='bbox 1006 1857 1149 1935; x_wconf 84' lang='grc'><strong>1069)*).</strong></span> <span class='ocrx_word' id='word_1_103' title='bbox 1183 1859 1270 1932; x_wconf 80' lang='lat' dir='ltr'><strong>Quod</strong></span> 
     </span>
     <span class='ocr_line' id='line_1_15' title="bbox 117 1957 1269 2042; baseline 0.003 -23"><span class='ocrx_word' id='word_1_104' title='bbox 117 1957 414 2039; x_wconf 60' lang='lat' dir='ltr'><strong>Amphitruonem</strong></span> <span class='ocrx_word' id='word_1_105' title='bbox 437 1985 496 2024; x_wconf 90' lang='lat' dir='ltr'><strong>non</strong></span> <span class='ocrx_word' id='word_1_106' title='bbox 519 1961 783 2042; x_wconf 78' lang='lat' dir='ltr'><strong>Amphitryonem</strong></span> <span class='ocrx_word' id='word_1_107' title='bbox 804 1967 991 2042; x_wconf 78' lang='lat' dir='ltr'><strong>scripsimus,</strong></span> <span class='ocrx_word' id='word_1_108' title='bbox 1014 1963 1141 2022; x_wconf 80' lang='lat' dir='ltr'><strong>fortasse</strong></span> <span class='ocrx_word' id='word_1_109' title='bbox 1163 1983 1269 2041; x_wconf 85' lang='lat' dir='ltr'><strong>perum</strong></span> 
     </span>
     <span class='ocr_line' id='line_1_16' title="bbox 119 2062 1267 2145; baseline 0.004 -25"><span class='ocrx_word' id='word_1_110' title='bbox 119 2065 226 2124; x_wconf 87' lang='lat' dir='ltr'><strong>nobis</strong></span> <span class='ocrx_word' id='word_1_111' title='bbox 254 2069 393 2125; x_wconf 79' lang='lat' dir='ltr'><strong>constare</strong></span> <span class='ocrx_word' id='word_1_112' title='bbox 421 2067 603 2139; x_wconf 86' lang='lat' dir='ltr'><strong>videbimur,</strong></span> <span class='ocrx_word' id='word_1_113' title='bbox 634 2070 685 2145; x_wconf 91' lang='lat' dir='ltr'><strong>qui</strong></span> <span class='ocrx_word' id='word_1_114' title='bbox 713 2069 744 2125; x_wconf 92' lang='lat' dir='ltr'><strong>in</strong></span> <span class='ocrx_word' id='word_1_115' title='bbox 771 2067 948 2144; x_wconf 74' lang='lat' dir='ltr'><strong>prestatione</strong></span> <span class='ocrx_word' id='word_1_116' title='bbox 978 2063 1020 2142; x_wconf 92' lang='lat' dir='ltr'><strong>(p.</strong></span> <span class='ocrx_word' id='word_1_117' title='bbox 1047 2062 1120 2140; x_wconf 83' lang='lat'>159)</span> <span class='ocrx_word' id='word_1_118' title='bbox 1149 2085 1203 2124; x_wconf 88' lang='lat' dir='ltr'><strong>nos</strong></span> <span class='ocrx_word' id='word_1_119' title='bbox 1231 2065 1267 2125; x_wconf 85' lang='lat' dir='ltr'><strong>sd</strong></span> 
     </span>
     <span class='ocr_line' id='line_1_17' title="bbox 121 2165 1269 2246; baseline 0.003 -24"><span class='ocrx_word' id='word_1_120' title='bbox 121 2165 299 2244; x_wconf 81' lang='lat' dir='ltr'><strong>Augustess</strong></span> <span class='ocrx_word' id='word_1_121' title='bbox 332 2169 430 2226; x_wconf 82' lang='lat' dir='ltr'><strong>aetatis</strong></span> <span class='ocrx_word' id='word_1_122' title='bbox 456 2165 569 2228; x_wconf 84' lang='lat' dir='ltr'><strong>morem</strong></span> <span class='ocrx_word' id='word_1_123' title='bbox 598 2170 738 2230; x_wconf 88' lang='lat' dir='ltr'><strong>ordinata</strong></span> <span class='ocrx_word' id='word_1_124' title='bbox 765 2168 915 2228; x_wconf 87' lang='lat' dir='ltr'><strong>scribendi</strong></span> <span class='ocrx_word' id='word_1_125' title='bbox 940 2171 1056 2227; x_wconf 87' lang='lat' dir='ltr'><strong>ratione</strong></span> <span class='ocrx_word' id='word_1_126' title='bbox 1084 2183 1105 2246; x_wconf 81' lang='lat' dir='ltr'><em>y</em></span> <span class='ocrx_word' id='word_1_127' title='bbox 1133 2165 1269 2227; x_wconf 69' lang='lat' dir='ltr'><strong>(irsoum</strong></span> 
     </span>
     <span class='ocr_line' id='line_1_18' title="bbox 122 2269 1268 2347; baseline 0.003 -23"><span class='ocrx_word' id='word_1_128' title='bbox 122 2269 162 2326; x_wconf 90' lang='lat' dir='ltr'><strong>in</strong></span> <span class='ocrx_word' id='word_1_129' title='bbox 190 2269 304 2328; x_wconf 77' lang='lat' dir='ltr'><strong>Graecis</strong></span> <span class='ocrx_word' id='word_1_130' title='bbox 326 2271 479 2329; x_wconf 88' lang='lat' dir='ltr'><strong>vocabulis</strong></span> <span class='ocrx_word' id='word_1_131' title='bbox 501 2274 629 2330; x_wconf 91' lang='lat' dir='ltr'><strong>retinere</strong></span> <span class='ocrx_word' id='word_1_132' title='bbox 653 2273 790 2331; x_wconf 84' lang='lat' dir='ltr'><strong>diximus.</strong></span> <span class='ocrx_word' id='word_1_133' title='bbox 835 2271 897 2330; x_wconf 84' lang='lat' dir='ltr'><strong>Nec</strong></span> <span class='ocrx_word' id='word_1_134' title='bbox 918 2275 1120 2347; x_wconf 78' lang='lat' dir='ltr'><strong>repugnarent</strong></span> <span class='ocrx_word' id='word_1_135' title='bbox 1143 2269 1268 2344; x_wconf 84' lang='lat' dir='ltr'><strong>codices,</strong></span> 
     </span>
     <span class='ocr_line' id='line_1_19' title="bbox 126 2371 1268 2450; baseline 0.001 -21"><span class='ocrx_word' id='word_1_136' title='bbox 126 2389 267 2446; x_wconf 88' lang='lat' dir='ltr'><strong>qnorum</strong></span> <span class='ocrx_word' id='word_1_137' title='bbox 299 2373 346 2430; x_wconf 82' lang='lat' dir='ltr'><strong>vel</strong></span> <span class='ocrx_word' id='word_1_138' title='bbox 379 2376 612 2447; x_wconf 66' lang='lat' dir='ltr'><strong>reinsumimus,</strong></span> <span class='ocrx_word' id='word_1_139' title='bbox 640 2375 800 2432; x_wconf 73' lang='lat' dir='ltr'><strong>Vaticanus</strong></span> <span class='ocrx_word' id='word_1_140' title='bbox 833 2373 897 2446; x_wconf 87' lang='lat' dir='ltr'><strong>ille,</strong></span> <span class='ocrx_word' id='word_1_141' title='bbox 929 2393 1016 2450; x_wconf 89' lang='lat' dir='ltr'><strong>quem</strong></span> <span class='ocrx_word' id='word_1_142' title='bbox 1044 2391 1136 2431; x_wconf 86' lang='lat' dir='ltr'><strong>nuum</strong></span> <span class='ocrx_word' id='word_1_143' title='bbox 1164 2371 1268 2430; x_wconf 89' lang='lat' dir='ltr'><strong>ducem</strong></span> 
     </span>
     <span class='ocr_line' id='line_1_20' title="bbox 127 2475 1266 2554; baseline 0.005 -26"><span class='ocrx_word' id='word_1_144' title='bbox 127 2477 307 2551; x_wconf 87' lang='lat' dir='ltr'><strong>sequimur,</strong></span> <span class='ocrx_word' id='word_1_145' title='bbox 338 2495 455 2553; x_wconf 87' lang='lat' dir='ltr'><strong>semper</strong></span> <span class='ocrx_word' id='word_1_146' title='bbox 482 2481 535 2534; x_wconf 90' lang='lat' dir='ltr'><strong>aut</strong></span> <span class='ocrx_word' id='word_1_147' title='bbox 555 2476 795 2554; x_wconf 76' lang='lat' dir='ltr'><strong>Amphitrionem</strong></span> <span class='ocrx_word' id='word_1_148' title='bbox 824 2481 877 2533; x_wconf 85' lang='lat' dir='ltr'><strong>aut</strong></span> <span class='ocrx_word' id='word_1_149' title='bbox 899 2475 1144 2552; x_wconf 82' lang='lat' dir='ltr'><strong>Amphytriouem</strong></span> <span class='ocrx_word' id='word_1_150' title='bbox 1166 2475 1266 2534; x_wconf 90' lang='lat' dir='ltr'><strong>habet.</strong></span> 
     </span>
     <span class='ocr_line' id='line_1_21' title="bbox 129 2573 1266 2656; baseline 0.003 -24"><span class='ocrx_word' id='word_1_151' title='bbox 129 2573 198 2634; x_wconf 84' lang='lat' dir='ltr'><strong>Sed</strong></span> <span class='ocrx_word' id='word_1_152' title='bbox 230 2579 263 2635; x_wconf 91' lang='lat' dir='ltr'><strong>iu</strong></span> <span class='ocrx_word' id='word_1_153' title='bbox 297 2582 472 2653; x_wconf 82' lang='lat' dir='ltr'><strong>argumento</strong></span> <span class='ocrx_word' id='word_1_154' title='bbox 503 2578 668 2637; x_wconf 88' lang='lat' dir='ltr'><strong>acrosticho</strong></span> <span class='ocrx_word' id='word_1_155' title='bbox 698 2579 877 2655; x_wconf 80' lang='lat' dir='ltr'><strong>Amphitruo</strong></span> <span class='ocrx_word' id='word_1_156' title='bbox 906 2582 951 2636; x_wconf 89' lang='lat' dir='ltr'><strong>est</strong></span> <span class='ocrx_word' id='word_1_157' title='bbox 978 2594 1000 2636; x_wconf 79' lang='grc'><strong>11</strong></span> <span class='ocrx_word' id='word_1_158' title='bbox 1026 2596 1082 2654; x_wconf 88' lang='lat' dir='ltr'><strong>pro</strong></span> <span class='ocrx_word' id='word_1_159' title='bbox 1109 2594 1130 2656; x_wconf 77' lang='lat' dir='ltr'><em>y</em></span> <span class='ocrx_word' id='word_1_160' title='bbox 1158 2577 1266 2655; x_wconf 87' lang='lat' dir='ltr'><strong>posito,</strong></span> 
     </span>
     <span class='ocr_line' id='line_1_22' title="bbox 132 2671 1266 2756; baseline 0 -21"><span class='ocrx_word' id='word_1_161' title='bbox 132 2679 219 2752; x_wconf 90' lang='lat' dir='ltr'><strong>quod</strong></span> <span class='ocrx_word' id='word_1_162' title='bbox 242 2671 384 2754; x_wconf 75' lang='lat' dir='ltr'><strong>quamris&#39;</strong></span> <span class='ocrx_word' id='word_1_163' title='bbox 399 2681 587 2756; x_wconf 74' lang='lat' dir='ltr'><strong>antiquitatis</strong></span> <span class='ocrx_word' id='word_1_164' title='bbox 605 2679 656 2738; x_wconf 87' lang='lat' dir='ltr'><strong>ille</strong></span> <span class='ocrx_word' id='word_1_165' title='bbox 672 2685 804 2738; x_wconf 87' lang='lat' dir='ltr'><strong>sectator</strong></span> <span class='ocrx_word' id='word_1_166' title='bbox 820 2681 998 2739; x_wconf 82' lang='lat' dir='ltr'><strong>necessitate</strong></span> <span class='ocrx_word' id='word_1_167' title='bbox 1016 2684 1135 2739; x_wconf 88' lang='lat' dir='ltr'><strong>coactus</strong></span> <span class='ocrx_word' id='word_1_168' title='bbox 1152 2679 1266 2752; x_wconf 82' lang='lat' dir='ltr'><strong>iecerit,</strong></span> 
     </span>
     <span class='ocr_line' id='line_1_23' title="bbox 135 2781 1267 2859; baseline 0.001 -22"><span class='ocrx_word' id='word_1_169' title='bbox 135 2782 209 2854; x_wconf 88' lang='lat' dir='ltr'><strong>quia</strong></span> <span class='ocrx_word' id='word_1_170' title='bbox 236 2781 319 2838; x_wconf 88' lang='lat' dir='ltr'><strong>nulla</strong></span> <span class='ocrx_word' id='word_1_171' title='bbox 346 2800 406 2839; x_wconf 87' lang='lat' dir='ltr'><strong>vox</strong></span> <span class='ocrx_word' id='word_1_172' title='bbox 427 2781 535 2840; x_wconf 86' lang='lat' dir='ltr'><strong>Latina</strong></span> <span class='ocrx_word' id='word_1_173' title='bbox 562 2782 599 2840; x_wconf 91' lang='lat' dir='ltr'><strong>ab</strong></span> <span class='ocrx_word' id='word_1_174' title='bbox 626 2799 647 2858; x_wconf 77' lang='lat' dir='ltr'><em>y</em></span> <span class='ocrx_word' id='word_1_175' title='bbox 675 2783 794 2858; x_wconf 87' lang='lat' dir='ltr'><strong>incipit,</strong></span> <span class='ocrx_word' id='word_1_176' title='bbox 822 2789 921 2840; x_wconf 84' lang='lat' dir='ltr'><strong>tamen</strong></span> <span class='ocrx_word' id='word_1_177' title='bbox 948 2783 980 2840; x_wconf 89' lang='lat' dir='ltr'><strong>in</strong></span> <span class='ocrx_word' id='word_1_178' title='bbox 1007 2781 1063 2840; x_wconf 85' lang='lat' dir='ltr'><strong>bac</strong></span> <span class='ocrx_word' id='word_1_179' title='bbox 1092 2781 1213 2859; x_wconf 88' lang='lat' dir='ltr'><strong>quidem</strong></span> <span class='ocrx_word' id='word_1_180' title='bbox 1234 2801 1267 2838; x_wconf 92' lang='lat' dir='ltr'><strong>re</strong></span> 
     </span>
     <span class='ocr_line' id='line_1_24' title="bbox 135 2880 1267 2961; baseline 0.004 -23"><span class='ocrx_word' id='word_1_181' title='bbox 135 2880 270 2940; x_wconf 83' lang='lat' dir='ltr'><strong>dubitari</strong></span> <span class='ocrx_word' id='word_1_182' title='bbox 288 2883 338 2940; x_wconf 84' lang='lat' dir='ltr'><strong>vix</strong></span> <span class='ocrx_word' id='word_1_183' title='bbox 355 2888 464 2960; x_wconf 85' lang='lat' dir='ltr'><strong>potest,</strong></span> <span class='ocrx_word' id='word_1_184' title='bbox 489 2886 562 2961; x_wconf 91' lang='lat' dir='ltr'><strong>quin</strong></span> <span class='ocrx_word' id='word_1_185' title='bbox 583 2886 677 2960; x_wconf 89' lang='lat' dir='ltr'><strong>ipsius</strong></span> <span class='ocrx_word' id='word_1_186' title='bbox 693 2884 794 2943; x_wconf 89' lang='lat' dir='ltr'><strong>Plauti</strong></span> <span class='ocrx_word' id='word_1_187' title='bbox 810 2903 930 2942; x_wconf 88' lang='lat' dir='ltr'><strong>manum</strong></span> <span class='ocrx_word' id='word_1_188' title='bbox 953 2885 1127 2942; x_wconf 89' lang='lat' dir='ltr'><strong>restituerit.</strong></span> <span class='ocrx_word' id='word_1_189' title='bbox 1161 2883 1267 2961; x_wconf 86' lang='lat' dir='ltr'><strong>Itaque</strong></span> 
     </span>
     <span class='ocr_line' id='line_1_25' title="bbox 138 2984 1268 3062; baseline 0.004 -23"><span class='ocrx_word' id='word_1_190' title='bbox 138 3003 173 3040; x_wconf 90' lang='lat' dir='ltr'><strong>ea</strong></span> <span class='ocrx_word' id='word_1_191' title='bbox 195 2985 326 3042; x_wconf 90' lang='lat' dir='ltr'><strong>nominis</strong></span> <span class='ocrx_word' id='word_1_192' title='bbox 347 2984 455 3059; x_wconf 84' lang='lat' dir='ltr'><strong>forma,</strong></span> <span class='ocrx_word' id='word_1_193' title='bbox 480 3005 545 3062; x_wconf 77' lang='lat' dir='ltr'><strong>qnos</strong></span> <span class='ocrx_word' id='word_1_194' title='bbox 568 2989 626 3044; x_wconf 91' lang='lat' dir='ltr'><strong>iam</strong></span> <span class='ocrx_word' id='word_1_195' title='bbox 649 2985 686 3044; x_wconf 91' lang='lat' dir='ltr'><strong>ab</strong></span> <span class='ocrx_word' id='word_1_196' title='bbox 709 2986 844 3044; x_wconf 91' lang='lat' dir='ltr'><strong>omuibus</strong></span> <span class='ocrx_word' id='word_1_197' title='bbox 871 2984 1035 3044; x_wconf 88' lang='lat' dir='ltr'><strong>editoribus</strong></span> <span class='ocrx_word' id='word_1_198' title='bbox 1064 3005 1120 3044; x_wconf 87' lang='lat' dir='ltr'><strong>usu</strong></span> <span class='ocrx_word' id='word_1_199' title='bbox 1147 2991 1268 3062; x_wconf 85' lang='lat' dir='ltr'><strong>recepta</strong></span> 
     </span>
     <span class='ocr_line' id='line_1_26' title="bbox 138 3086 1267 3165; baseline 0.003 -24"><span class='ocrx_word' id='word_1_200' title='bbox 138 3092 192 3157; x_wconf 86' lang='lat' dir='ltr'><strong>est,</strong></span> <span class='ocrx_word' id='word_1_201' title='bbox 212 3087 298 3144; x_wconf 86' lang='lat' dir='ltr'><strong>nobis</strong></span> <span class='ocrx_word' id='word_1_202' title='bbox 322 3105 441 3164; x_wconf 91' lang='lat' dir='ltr'><strong>quoqne</strong></span> <span class='ocrx_word' id='word_1_203' title='bbox 463 3088 567 3146; x_wconf 87' lang='lat' dir='ltr'><strong>saltem</strong></span> <span class='ocrx_word' id='word_1_204' title='bbox 590 3091 703 3165; x_wconf 87' lang='lat' dir='ltr'><strong>recepti</strong></span> <span class='ocrx_word' id='word_1_205' title='bbox 725 3090 816 3146; x_wconf 90' lang='lat' dir='ltr'><strong>moris</strong></span> <span class='ocrx_word' id='word_1_206' title='bbox 840 3087 977 3146; x_wconf 81' lang='lat' dir='ltr'><strong>servandi</strong></span> <span class='ocrx_word' id='word_1_207' title='bbox 1000 3107 1089 3145; x_wconf 80' lang='lat' dir='ltr'><strong>causa</strong></span> <span class='ocrx_word' id='word_1_208' title='bbox 1110 3086 1267 3145; x_wconf 86' lang='lat' dir='ltr'><strong>retinenda</strong></span> 
     </span>
     <span class='ocr_line' id='line_1_27' title="bbox 138 3187 1265 3265; baseline 0.002 -23"><span class='ocrx_word' id='word_1_209' title='bbox 138 3189 201 3244; x_wconf 83' lang='lat' dir='ltr'><strong>viss</strong></span> <span class='ocrx_word' id='word_1_210' title='bbox 230 3193 284 3245; x_wconf 89' lang='lat' dir='ltr'><strong>est.</strong></span> <span class='ocrx_word' id='word_1_211' title='bbox 329 3187 366 3246; x_wconf 93' lang='lat' dir='ltr'><strong>In</strong></span> <span class='ocrx_word' id='word_1_212' title='bbox 394 3189 494 3265; x_wconf 90' lang='lat' dir='ltr'><strong>priore</strong></span> <span class='ocrx_word' id='word_1_213' title='bbox 525 3195 716 3265; x_wconf 80' lang='lat' dir='ltr'><strong>argumento,</strong></span> <span class='ocrx_word' id='word_1_214' title='bbox 749 3190 802 3248; x_wconf 91' lang='lat' dir='ltr'><strong>ubi</strong></span> <span class='ocrx_word' id='word_1_215' title='bbox 837 3189 899 3247; x_wconf 88' lang='lat' dir='ltr'><strong>hceo</strong></span> <span class='ocrx_word' id='word_1_216' title='bbox 936 3191 1013 3246; x_wconf 89' lang='lat' dir='ltr'><strong>ratio</strong></span> <span class='ocrx_word' id='word_1_217' title='bbox 1046 3190 1143 3247; x_wconf 90' lang='lat' dir='ltr'><strong>minus</strong></span> <span class='ocrx_word' id='word_1_218' title='bbox 1175 3187 1265 3260; x_wconf 83' lang='lat' dir='ltr'><strong>valet,</strong></span> 
     </span>
     <span class='ocr_line' id='line_1_28' title="bbox 138 3275 661 3364; baseline 0.004 -18"><span class='ocrx_word' id='word_1_219' title='bbox 138 3287 364 3364; x_wconf 75' lang='lat' dir='ltr'><strong>yreliquimus.</strong></span> <span class='ocrx_word' id='word_1_220' title='bbox 657 3275 661 3282; x_wconf 48' lang='lat'>¹</span> 
     </span>
     <span class='ocr_line' id='line_1_29' title="bbox 224 3389 1265 3468; baseline -0.001 -20"><span class='ocrx_word' id='word_1_221' title='bbox 224 3389 309 3450; x_wconf 86' lang='lat' dir='ltr'><strong>Hanc</strong></span> <span class='ocrx_word' id='word_1_222' title='bbox 331 3391 462 3450; x_wconf 80' lang='lat' dir='ltr'><strong>fabulam</strong></span> <span class='ocrx_word' id='word_1_223' title='bbox 484 3396 646 3468; x_wconf 89' lang='lat' dir='ltr'><strong>separatim</strong></span> <span class='ocrx_word' id='word_1_224' title='bbox 669 3393 826 3451; x_wconf 77' lang='lat' dir='ltr'><strong>ediderrmt</strong></span> <span class='ocrx_word' id='word_1_225' title='bbox 849 3410 914 3450; x_wconf 89' lang='lat' dir='ltr'><strong>cnm</strong></span> <span class='ocrx_word' id='word_1_226' title='bbox 937 3393 1155 3451; x_wconf 89' lang='lat' dir='ltr'><strong>commentariis</strong></span> <span class='ocrx_word' id='word_1_227' title='bbox 1174 3392 1265 3448; x_wconf 84' lang='lat' dir='ltr'><strong>maxi·</strong></span> 
     </span>
    </p>
   </div>
   <div class='ocr_carea' id='block_1_3' title="bbox 139 3493 1264 3570">
    <p class='ocr_par' dir='ltr' id='par_1_3' title="bbox 139 3493 1264 3570">
     <span class='ocr_line' id='line_1_30' title="bbox 139 3493 1264 3570; baseline 0.001 -20"><span class='ocrx_word' id='word_1_228' title='bbox 139 3511 216 3550; x_wconf 89' lang='lat' dir='ltr'><strong>mam</strong></span> <span class='ocrx_word' id='word_1_229' title='bbox 232 3499 349 3570; x_wconf 88' lang='lat' dir='ltr'><strong>partem</strong></span> <span class='ocrx_word' id='word_1_230' title='bbox 369 3495 479 3552; x_wconf 89' lang='lat' dir='ltr'><strong>criticis</strong></span> <span class='ocrx_word' id='word_1_231' title='bbox 491 3493 541 3554; x_wconf 86' lang='lat' dir='ltr'><strong>Fr.</strong></span> <span class='ocrx_word' id='word_1_232' title='bbox 554 3494 775 3554; x_wconf 89' lang='lat' dir='ltr'><strong>Lindemaunus</strong></span> <span class='ocrx_word' id='word_1_233' title='bbox 791 3495 871 3552; x_wconf 76' lang='lat'>1834</span> <span class='ocrx_word' id='word_1_234' title='bbox 885 3499 915 3553; x_wconf 89' lang='lat' dir='ltr'><strong>et</strong></span> <span class='ocrx_word' id='word_1_235' title='bbox 925 3495 959 3553; x_wconf 84' lang='lat' dir='ltr'><strong>F.</strong></span> <span class='ocrx_word' id='word_1_236' title='bbox 974 3493 1009 3554; x_wconf 85' lang='lat' dir='ltr'><strong>G.</strong></span> <span class='ocrx_word' id='word_1_237' title='bbox 1022 3494 1159 3552; x_wconf 81' lang='lat' dir='ltr'><strong>Holtnius</strong></span> <span class='ocrx_word' id='word_1_238' title='bbox 1175 3493 1264 3551; x_wconf 83' lang='lat'>1846.</span> 
     </span>
    </p>
   </div>
   <div class='ocr_carea' id='block_1_4' title="bbox 93 3739 1267 3980">
    <p class='ocr_par' dir='ltr' id='par_1_4' title="bbox 93 3739 1267 3980">
     <span class='ocr_line' id='line_1_31' title="bbox 164 3739 1267 3812; baseline 0 -16"><span class='ocrx_word' id='word_1_239' title='bbox 164 3739 188 3808; x_wconf 85' lang='lat'><strong>*)</strong></span> <span class='ocrx_word' id='word_1_240' title='bbox 207 3739 287 3807; x_wconf 75' lang='lat' dir='ltr'><strong>Quod</strong></span> <span class='ocrx_word' id='word_1_241' title='bbox 311 3742 341 3795; x_wconf 89' lang='lat' dir='ltr'><strong>in</strong></span> <span class='ocrx_word' id='word_1_242' title='bbox 364 3741 423 3795; x_wconf 90' lang='lat' dir='ltr'><strong>cod.</strong></span> <span class='ocrx_word' id='word_1_243' title='bbox 443 3741 465 3795; x_wconf 93' lang='lat' dir='ltr'>B</span> <span class='ocrx_word' id='word_1_244' title='bbox 483 3741 595 3798; x_wconf 77' lang='lat' dir='ltr'><strong>Brona</strong></span> <span class='ocrx_word' id='word_1_245' title='bbox 621 3761 712 3800; x_wconf 82' lang='lat' dir='ltr'><strong>scenae</strong></span> <span class='ocrx_word' id='word_1_246' title='bbox 740 3743 969 3812; x_wconf 88' lang='lat' dir='ltr'><strong>superscribitur,</strong></span> <span class='ocrx_word' id='word_1_247' title='bbox 997 3739 1161 3796; x_wconf 80' lang='lat' dir='ltr'><strong>manifestus</strong></span> <span class='ocrx_word' id='word_1_248' title='bbox 1189 3758 1267 3796; x_wconf 91' lang='lat' dir='ltr'><strong>error</strong></span> 
     </span>
     <span class='ocr_line' id='line_1_32' title="bbox 93 3825 1266 3894; baseline 0.001 -15"><span class='ocrx_word' id='word_1_249' title='bbox 93 3881 99 3894; x_wconf 60' lang='grc'>,</span> <span class='ocrx_word' id='word_1_250' title='bbox 207 3831 261 3892; x_wconf 86' lang='lat' dir='ltr'><strong>est;</strong></span> <span class='ocrx_word' id='word_1_251' title='bbox 286 3843 353 3881; x_wconf 82' lang='lat' dir='ltr'><strong>vera</strong></span> <span class='ocrx_word' id='word_1_252' title='bbox 373 3825 496 3882; x_wconf 90' lang='lat' dir='ltr'><strong>nominis</strong></span> <span class='ocrx_word' id='word_1_253' title='bbox 519 3828 608 3882; x_wconf 86' lang='lat' dir='ltr'><strong>forma</strong></span> <span class='ocrx_word' id='word_1_254' title='bbox 631 3833 710 3882; x_wconf 85' lang='lat' dir='ltr'><strong>extat</strong></span> <span class='ocrx_word' id='word_1_255' title='bbox 731 3847 756 3882; x_wconf 89' lang='grc'><strong>1.</strong></span> <span class='ocrx_word' id='word_1_256' title='bbox 778 3829 851 3882; x_wconf 83' lang='grc'><strong>1093.</strong></span> <span class='ocrx_word' id='word_1_257' title='bbox 888 3825 1089 3882; x_wconf 83' lang='lat' dir='ltr'><strong>Gubernatoris</strong></span> <span class='ocrx_word' id='word_1_258' title='bbox 1111 3844 1215 3882; x_wconf 89' lang='lat' dir='ltr'><strong>nomen</strong></span> <span class='ocrx_word' id='word_1_259' title='bbox 1237 3827 1266 3880; x_wconf 91' lang='lat' dir='ltr'><strong>in</strong></span> 
     </span>
     <span class='ocr_line' id='line_1_33' title="bbox 206 3909 1042 3980; baseline 0.001 -16"><span class='ocrx_word' id='word_1_260' title='bbox 206 3911 287 3966; x_wconf 85' lang='lat' dir='ltr'><strong>codd</strong></span> <span class='ocrx_word' id='word_1_261' title='bbox 306 3909 426 3978; x_wconf 83' lang='lat' dir='ltr'><strong>Blefaro</strong></span> <span class='ocrx_word' id='word_1_262' title='bbox 445 3913 586 3980; x_wconf 88' lang='lat' dir='ltr'><strong>scribitur,</strong></span> <span class='ocrx_word' id='word_1_263' title='bbox 604 3929 656 3966; x_wconf 91' lang='lat' dir='ltr'><strong>nos</strong></span> <span class='ocrx_word' id='word_1_264' title='bbox 674 3913 813 3967; x_wconf 87' lang='lat' dir='ltr'><strong>rationem</strong></span> <span class='ocrx_word' id='word_1_265' title='bbox 831 3912 920 3966; x_wconf 86' lang='lat' dir='ltr'><strong>secuti</strong></span> <span class='ocrx_word' id='word_1_266' title='bbox 938 3929 1042 3968; x_wconf 88' lang='lat' dir='ltr'><strong>sumus.</strong></span> 
     </span>
    </p>
   </div>
   <div class='ocr_carea' id='block_1_5' title="bbox 0 0 1484 5038">
    <p class='ocr_par' dir='ltr' id='par_1_5' title="bbox 0 0 1484 5038">
     <span class='ocr_line' id='line_1_34' title="bbox 0 0 1484 5038; baseline 0 0"><span class='ocrx_word' id='word_1_267' title='bbox 0 0 1484 5038; x_wconf 95' lang='lat' dir='ltr'><strong> </strong></span> 
     </span>
    </p>
   </div>
  </div>
 </body>
</html>
