2976 5056
272 495 334 556 348
763 487 902 542 Asinaria.

270 681 414 756 vendidit,
437 684 630 760 pretiumque
651 679 784 761 noudum
804 681 934 740 solutum
951 680 1124 742 adulescens
1143 682 1262 761 quidam
1281 683 1394 757 ignotus
1465 705 1474 729 ·2

270 785 366 844 affert.
412 784 469 857 Qui
497 803 588 861 quum
616 802 686 842 casu
715 783 746 840 in
773 782 937 842 Leonidam
965 783 1084 858 incidit,
1114 784 1167 844 ille
1200 804 1231 843 se
1256 783 1395 844 Sauream

271 908 335 948 esse
369 886 456 960 dicit,
490 886 608 962 sibique
640 890 676 944 ut
706 888 834 962 pecunie
867 885 1027 960 reddatur,
1053 887 1206 965 postulat.
1255 885 1315 946 Sed
1348 905 1397 944 nec
1472 898 1475 914 *

270 989 436 1062 Leonidas,
472 989 607 1066 quamvis
640 986 857 1060 stomachetur,
887 1007 942 1047 nee
969 987 1117 1062 Libanus,
1149 989 1248 1048 fidelis
1280 989 1313 1048 in
1345 987 1397 1046 hac
1458 1001 1475 1021 ·’

272 1113 304 1150 re
338 1089 471 1163 adiutor,
505 1089 654 1168 hospitem
688 1109 722 1148 eo
756 1088 920 1166 perducere
954 1095 1069 1168 potest,
1098 1091 1193 1150 donec
1221 1111 1310 1149 senex
1337 1091 1398 1166 ipse

272 1193 462 1252 Demoenetus
484 1190 650 1250 Leonidam
669 1189 811 1250 Sauream
834 1211 897 1250 esse
921 1191 1058 1251 affirmat.
1092 1191 1255 1252 Numerata
1276 1193 1399 1270 pecunia

272 1294 422 1354 Leonidas
450 1293 558 1368 gaudio
587 1293 723 1352 exultans
746 1297 928 1368 stratagema
951 1313 1036 1352 suum
1059 1315 1204 1374 prospere
1226 1294 1398 1353 successisse
1475 1337 1476 1343 ι

273 1415 417 1456 conservo
444 1401 562 1468 namet,
592 1401 622 1454 et
649 1401 777 1473 uterque
805 1415 909 1454 servus
937 1397 1140 1474 hgyrippum
1169 1401 1200 1456 et
1225 1375 1399 1454 Philaenium
1475 1441 1476 1444 ,

272 1501 331 1558 iam
355 1496 392 1555 de
414 1497 509 1556 salute
533 1497 725 1573 desperantes
745 1497 938 1557 consolantur
954 1499 1171 1576 pecuniamque
1190 1495 1341 1557 affirmant
1356 1495 1399 1552 illi

274 1598 393 1677 quidem
423 1604 559 1677 paratam
588 1619 667 1672 esse,
696 1599 749 1658 sed
771 1599 890 1658 madere
912 1600 1033 1674 nolunt,
1057 1605 1217 1677 antequam
1240 1619 1290 1660 eos
1311 1595 1399 1658 variis
1465 1644 1469 1665 ,

273 1701 370 1761 modis
387 1701 624 1760 ludificaverunt.
656 1701 722 1760 Non
740 1701 777 1759 ab
788 1701 959 1780 Argyrippo
981 1702 1077 1761 solum
1098 1700 1265 1779 postulant,
1287 1707 1322 1759 ut
1343 1699 1398 1759 sihi
1466 1756 1470 1771 ,

273 1806 437 1864 summissis
464 1802 602 1882 precibus
630 1802 794 1882 supplicet,
822 1803 874 1862 sed
904 1807 993 1863 etiam
1018 1803 1154 1862 Philmnii
1183 1803 1345 1864 blanditias
1372 1807 1400 1859 et
1466 1814 1471 1867 ;

150 1964 155 1970 .
272 1907 375 1966 oscula
396 1911 533 1983 poscunt,
556 1904 636 1980 quod
660 1924 749 1982 quum
773 1911 889 1964 amator
911 1907 1033 1982 indigne
1056 1907 1148 1978 ierat,
1173 1925 1275 1966 servus
1295 1906 1397 1964 herum

273 2011 370 2086 ipsum
393 2008 482 2084 cogit,
506 2013 540 2065 ut
562 2027 594 2066 se
618 2011 686 2084 equi
709 2007 799 2067 modo
821 2009 920 2068 vehat.
958 2009 1034 2068 Tum
1055 2008 1174 2068 demum
1198 2010 1225 2066 ei
1247 2009 1399 2086 pecuniam

273 2111 368 2170 tradit
394 2111 491 2188 patris
519 2109 624 2168 fraude
653 2116 683 2168 et
711 2109 865 2170 mendacio
894 2117 1112 2188 comparatam,
1147 2109 1252 2168 addita
1283 2109 1398 2186 quidem

274 2213 462 2283 condicione,
486 2201 526 2269 ut¹
544 2215 606 2270 seui
630 2217 744 2270 noctem
771 2212 936 2271 meretricis
965 2212 1116 2272 concedat.
1162 2213 1280 2270 luteres
1300 2211 1399 2270 rivalis

274 2315 395 2374 advenit
429 2312 629 2391 syngrapham
663 2313 790 2372 afferens
825 2335 842 2372 a
874 2315 1009 2392 parasito
1043 2333 1097 2374 suo
1128 2317 1335 2392 compositam,
1367 2313 1399 2370 iu

274 2437 335 2496 qua
356 2418 453 2492 leges,
477 2413 585 2494 quibus
607 2415 708 2492 puella
734 2435 842 2494 parere
870 2423 1008 2494 cogatur,
1037 2419 1068 2475 iu
1097 2416 1255 2476 ridiculum
1283 2415 1398 2474 modum

274 2519 387 2578 acerbe
411 2520 531 2596 scripta
553 2523 632 2576 sunt.
679 2517 735 2590 Qui
765 2523 925 2596 postquam
953 2537 1015 2576 rem
1044 2519 1081 2576 ab
1111 2518 1206 2576 altero
1229 2523 1398 2596 occupatam

273 2621 486 2680 animadvertit
514 2625 544 2677 et
571 2618 775 2678 Demaratum
802 2619 958 2696 liliumque
987 2641 1052 2680 cum
1080 2621 1236 2680 meretrice
1262 2625 1398 2698 potantes

271 2723 368 2794 ridet,
402 2723 448 2780 ira
480 2722 581 2779 iurans
615 2727 644 2780 et
676 2721 798 2780 ultionis
832 2722 959 2800 cupidus
992 2743 1106 2781 omnem
1141 2743 1203 2782 rem
1231 2723 1396 2781 artemone

272 2826 390 2902 aperire
415 2825 528 2882 statuit.
573 2823 728 2896 Matrona,
752 2831 786 2882 ut
808 2827 870 2884 suis
893 2825 986 2884 oculis
1008 2823 1124 2900 flagitia
1145 2825 1203 2884 viri
1226 2825 1395 2901 conspiciat,

273 2948 290 2986 a
322 2926 455 3004 parasito
489 2924 607 2985 Diaboli
642 2925 771 2984 adducta
805 2929 944 2985 maritum
984 2926 1169 3000 maledictis,
1204 2926 1313 3004 quibus
1344 2943 1397 3002 par
1478 2967 1479 2980 ,

272 3035 345 3102 erat,
368 3035 506 3088 vexatum
529 3027 649 3087 domum
675 3027 778 3106 abigit.
1335 3030 1341 3043 '

356 3129 472 3190 Fabula
499 3131 562 3189 haec
590 3132 707 3207 integra
735 3135 853 3188 servata
882 3135 928 3189 est
956 3127 1028 3202 (vid.
1054 3129 1093 3188 ad
1114 3150 1142 3188 v.
1168 3129 1243 3204 803)
1270 3137 1315 3204 et,
1343 3130 1396 3188 nisi

210 3279 215 3286 .
272 3234 353 3312 quod
375 3231 532 3310 turpitudo
556 3233 723 3308 argumenti
746 3231 878 3304 offendit,
902 3233 1010 3291 merito
1032 3231 1188 3305 laudatur,
1211 3252 1282 3292 nam
1302 3239 1332 3292 et
1349 3253 1397 3310 op·

271 3341 345 3396 time
378 3339 494 3394 morata
527 3339 572 3392 est
605 3340 635 3392 et
662 3335 807 3411 imprimis
836 3333 971 3392 ridicula.
1017 3334 1114 3408 Quare
1141 3336 1179 3394 iis
1206 3335 1397 3412 temporibus,

182 3491 186 3498 .
272 3439 380 3516 quibus
402 3440 434 3496 in
457 3437 548 3496 Italia
570 3442 682 3496 renetae
713 3442 783 3494 sunt
805 3437 928 3510 littere,
953 3441 983 3494 et
1007 3435 1115 3496 Latino
1138 3457 1275 3497 sermone
1298 3437 1400 3516 ageba-

271 3547 336 3614 tur,
360 3541 442 3599 velut
464 3539 599 3599 Romana
628 3539 778 3598 academia
799 3539 963 3615 Pomponio
986 3538 1071 3598 Laeto
1093 3539 1221 3617 praeside
1244 3561 1268 3598 c.
1293 3559 1400 3600 annum

275 3645 365 3717 1480,
390 3663 476 3702 scena
500 3648 613 3701 structa
635 3645 667 3700 in
685 3641 833 3714 Quirinali
855 3645 966 3714 monte,
989 3641 1157 3700 Asinariam
1174 3641 1276 3700 Plauti
1295 3642 1401 3704 Latine

273 3748 347 3824 egit,
373 3751 403 3804 et
424 3745 537 3804 Italicis
566 3745 700 3804 versibus
728 3744 878 3802 translata
900 3742 1034 3802 Venetiis
1057 3749 1123 3804 acta
1146 3750 1192 3804 est
1213 3765 1239 3804 a.
1268 3747 1350 3804 1514
1372 3749 1401 3803 et

271 3853 303 3908 in
325 3851 505 3908 monasterio
529 3846 557 3905 S.
582 3847 726 3925 Stephani
756 3853 786 3906 et
808 3845 889 3905 alibi.
934 3845 1006 3903 Mox
1029 3845 1155 3906 Ioannes
1177 3847 1276 3906 Maria
1299 3847 1399 3907 (lecchi

271 3950 467 4010 Florentiuus
501 3969 636 4026 magnam
670 3955 802 4027 partem,
838 3955 872 4008 ut
904 3949 970 4027 ipse
1003 3951 1061 4023 ait,
1097 3950 1136 4009 ad
1168 3950 1255 4008 huius
1293 3949 1399 4010 fabula

273 4053 439 4130 exemplum
473 4052 619 4111 celebrem
652 4052 705 4110 illa
738 4057 826 4111 aetate
861 4052 1033 4112 comoediam
1066 4053 1107 4126 „il
1134 4049 1293 4112 Martello“
1325 4073 1398 4112 com·

270 4157 374 4234 posuit
397 4152 508 4230 (Klein,
533 4154 709 4214 Geschicbte
732 4153 784 4214 des
807 4153 935 4214 Dramas
957 4153 1007 4227 IV,
1030 4174 1059 4231 p.
1086 4151 1171 4228 646).

358 4258 443 4331 Quod
481 4257 658 4336 plerumque
697 4257 848 4316 faciebant
888 4258 1002 4334 antiqui
1040 4262 1154 4334 poetae,
1188 4261 1223 4314 ut
1255 4259 1397 4334 personia,

271 4362 375 4437 utique
414 4360 532 4418 ridendi
571 4361 670 4435 gratia
709 4359 800 4432 fictis,
835 4379 868 4416 ea
901 4360 1023 4418 nomina
1056 4363 1259 4436 imponerent,
1294 4359 1397 4437 quibus
