2956 5018
228 465 289 528 152
684 458 895 532 Prolegomena

224 655 377 716 Exti-eme
403 653 527 728 fabulae,
554 653 732 730 Vidularie,
764 656 873 715 titulus
901 654 984 716 solus
1010 655 1131 715 relictus
1160 658 1217 714 est.
1264 653 1372 713 Periit
1419 621 1424 628 .

225 762 360 818 extrema
379 757 543 817 Aulularia
570 761 601 816 et
622 759 707 834 prior
727 757 907 816 Bacchidum
929 776 1008 835 pars,
1031 761 1123 836 atque
1143 755 1222 817 adeo
1245 755 1371 816 avulsis

225 859 314 936 foliis,
332 859 440 938 quibus
449 859 614 919 Aulularia
629 859 738 918 ultima
753 879 825 939 pars
842 856 875 934 (a
884 877 913 919 v.
927 855 1002 934 820)
1018 863 1049 918 et
1059 859 1223 920 Bacchides
1233 859 1371 936 scriptas

226 969 328 1038 erant,
355 964 399 1022 ita
425 967 460 1021 ut
479 961 643 1020 Aulularia
671 981 789 1021 versum
812 963 873 1021 819
902 961 1020 1038 Captivi
1048 963 1232 1039 exciperent,
1265 979 1372 1039 quum

224 1073 332 1145 postea
347 1067 469 1124 iuventa
485 1069 595 1139 essent,
619 1083 685 1142 qua
697 1063 861 1122 Bacchides
882 1069 993 1140 praeter
1013 1064 1130 1122 initium
1151 1064 1369 1136 continebant,

226 1189 261 1228 ea
281 1188 341 1227 non
362 1186 416 1226 suo
441 1165 509 1226 loco
536 1167 669 1242 reposita
696 1169 782 1238 sunt,
805 1165 859 1224 sed
882 1169 952 1224 ante
973 1165 1205 1239 lienteum-iam,
1230 1167 1251 1224 i.
1279 1185 1309 1224 e.
1335 1165 1371 1222 in

225 1270 374 1349 principio
402 1265 527 1326 secundi
553 1266 726 1341 voluminis3
754 1287 823 1326 nam
850 1271 975 1346 propter
996 1267 1225 1344 amplitudinem
1246 1285 1369 1344 corpus

224 1371 393 1432 fabularum
420 1367 625 1428 Plautinarum
652 1369 684 1427 in
714 1368 790 1428 duas
817 1374 920 1446 partes
953 1368 1080 1428 divisum
1112 1374 1192 1444 erat,
1227 1388 1368 1448 quarum

224 1475 310 1552 prior
336 1475 403 1531 octo
433 1469 549 1530 fabulas
571 1469 741 1529 continebat
767 1469 830 1544 vel,
859 1470 931 1530 dum
952 1471 1115 1531 Bacchides
1142 1491 1229 1531 suum
1256 1473 1368 1530 locum

226 1573 413 1647 obtinebant,
436 1591 552 1645 novem,
575 1571 671 1630 altera
692 1577 817 1632 ceteros.

311 1673 546 1736 Benaseeutibus
578 1673 687 1733 litteris
719 1674 752 1732 in
779 1673 869 1732 Italia
899 1676 985 1751 prior
1015 1679 1133 1735 tantum
1165 1694 1251 1752 pars,
1289 1678 1366 1734 octo

224 1779 334 1842 fabula
360 1781 439 1837 nota
468 1779 562 1834 erant.
607 1775 720 1834 Earum
741 1796 803 1835 non
824 1776 920 1852 pauci,
942 1775 997 1834 sed
1017 1795 1123 1853 parum
1143 1775 1213 1835 boni
1236 1777 1365 1837 codices

224 1881 413 1952 ferebantur,
446 1875 526 1936 unde
559 1877 648 1936 etiam
679 1879 767 1954 typis¹
794 1896 909 1936 excuse
941 1883 1024 1952 sunt,
1058 1899 1085 1938 v.
1109 1878 1224 1937 Ritsch.
1247 1877 1308 1956 Op.
1333 1877 1366 1936 11
1460 1859 1461 1898 ³

225 2003 256 2062 p.
281 1985 321 2044 34
343 2002 388 2059 sq.
432 1978 492 2038 Sed
522 1980 555 2038 in
571 1979 743 2039 Germania
775 1983 806 2038 et
838 1984 1005 2038 ceterarum
1036 1979 1204 2040 fabularum
1236 1981 1363 2040 codices
1460 1991 1461 2004 ¹

225 2083 369 2146 extabant
390 2085 421 2141 et
443 2080 548 2139 harum
572 2100 632 2140 non
653 2081 743 2159 paulo
765 2081 911 2142 meliores.
945 2081 1058 2141 Eorum
1080 2084 1193 2160 primus
1214 2082 1362 2156 innotuit,

227 2206 316 2264 quem
342 2187 478 2260 tempore
499 2182 677 2242 Besileenais
705 2183 824 2242 concilii
851 2183 993 2243 Nicotaus
1015 2184 1200 2244 Trevirensis
1227 2184 1360 2258 invenit,

226 2308 316 2368 quem
342 2305 435 2364 quum
456 2283 584 2344 Ursinus
612 2285 771 2344 cardinalis
799 2286 917 2344 emisset
938 2285 1099 2364 Romaque
1127 2285 1362 2345 describendum

226 2392 367 2461 curasset,
391 2407 427 2446 ex
449 2384 600 2444 codicibus
621 2385 691 2444 inde
713 2385 858 2446 derivatis
879 2407 939 2446 una
961 2407 1028 2447 cum
1049 2387 1133 2464 prius
1154 2388 1232 2446 notis
1253 2385 1361 2446 Plauti
1460 2395 1461 2398 ’

225 2490 342 2551 fabulas
369 2487 428 2548 XX
460 2486 619 2546 ediderunt
649 2489 779 2565 primum
810 2488 930 2548 Merula
961 2485 1001 2564 (V
1003 2490 1107 2548 enetiis
1143 2485 1255 2563 1472),
1289 2493 1359 2548 tum

225 2591 388 2663 Scutarim,
411 2588 583 2663 Saracenas,
600 2589 680 2663 Pius,
698 2589 835 2666 Pyladea,
851 2590 949 2650 Aldus
971 2591 1082 2669 aliique
1098 2589 1179 2651 Itali.
1213 2589 1359 2650 Oodioam

225 2695 324 2772 ipsum
349 2691 540 2752 Ursinianum
561 2691 742 2752 Ritsohelius
772 2689 904 2768 (Proleg.
928 2693 1009 2752 'lh-in.
1038 2713 1068 2770 p.
1093 2690 1147 2767 31)
1176 2692 1360 2752 monstravit

225 2813 293 2854 eum
309 2812 382 2866 esec,
401 2793 453 2869 qui
468 2793 557 2852 hodie
574 2794 605 2852 in
616 2792 761 2852 Vaticana
776 2793 959 2854 bibliotheca
975 2813 1098 2853 numero
1116 2795 1199 2854 3870
1217 2796 1358 2872 signatur

227 2893 395 2971 (Ritschelii
416 2891 468 2968 D).
513 2893 652 2953 Continet
671 2894 932 2972 Amphitr-yonam,
955 2895 1133 2970 Asinariam,
1155 2895 1356 2969 Aululariam,

225 2997 365 3073 Captivos
386 3015 480 3072 usque
507 2993 546 3054 ad
567 3014 596 3053 v.
621 2997 697 3069 362,
726 2987 888 3056 duodecim
909 2998 1106 3074 posteriores,
1138 2997 1231 3055 codex
1262 3016 1356 3055 mem·

224 3099 388 3158 braneceus
417 3097 525 3156 aaeculo
547 3096 607 3155 XII
633 3099 747 3174 magnis
775 3099 887 3158 litteris
913 3101 987 3158 satis
1013 3098 1090 3158 bene
1119 3100 1263 3175 seriptum
1299 3097 1357 3158 sed

224 3201 349 3260 meliora
365 3203 396 3259 ct
410 3197 550 3258 uberiora
566 3197 700 3258 subsidia
716 3200 886 3258 etiamtum
901 3200 933 3260 in
945 3199 1104 3260 Germania
1113 3201 1257 3260 latebant.
1280 3201 1355 3260 Haec

224 3301 355 3379 protulit
374 3299 546 3360 Joachimus
568 3300 754 3360 Camerarius
783 3297 908 3377 (1552),
939 3303 992 3381 qui
1020 3302 1138 3362 duobus
1166 3303 1355 3379 potissimum

224 3403 310 3462 libris
325 3421 396 3462 usus
413 3407 467 3476 est,
484 3402 579 3461 altero
595 3402 696 3461 saeculi
712 3401 765 3476 XI,
783 3409 819 3462 ut
834 3405 963 3478 videtur,
982 3424 1070 3482 quem
1090 3407 1156 3483 ipse
1182 3401 1351 3479 „veterem“

224 3504 398 3582 appellabat
420 3500 545 3578 (Bitseh.
564 3500 613 3577 B),
637 3504 689 3582 qni
710 3525 811 3564 omnes
832 3505 891 3564 XX
911 3505 1029 3565 fabulas
1051 3507 1233 3581 continebat,
1255 3507 1353 3566 altero

224 3606 283 3666 XII
316 3606 417 3666 seculi
446 3602 572 3680 (Bitsch.
596 3601 658 3680 0.),
688 3609 741 3684 qui
767 3607 847 3666 solas
873 3607 933 3666 XII
959 3609 1142 3685 posteriores
1176 3609 1354 3687 complecta-

223 3708 324 3782 batur‚
346 3709 425 3767 unde
445 3704 668 3782 „decurtatum“
689 3709 888 3785 appellarunt.
921 3709 976 3769 His
993 3709 1135 3770 subsidiis
1152 3713 1238 3770 nixus
1250 3710 1353 3770 Game-

225 3811 335 3884 rariua,
363 3810 409 3868 vir
436 3807 554 3868 subtilis
581 3809 706 3886 ingenii,
735 3830 802 3868 eum
829 3815 945 3870 textum
971 3811 1072 3871 Plauti
1100 3814 1270 3886 constitnit,
1299 3814 1354 3890 qui

224 3911 328 3988 paucis
348 3911 472 3969 mutatis
493 3931 588 3988 usque
610 3911 649 3970 ad
671 3917 804 3972 nostrum
822 3913 963 3972 seculum
980 3913 1107 3974 duravit.
1141 3913 1251 3973 Iisdem
1272 3916 1353 3973 enim

293 4173 396 4210 nomen
408 4173 443 4211 ex
455 4156 580 4212 Terentii
597 4157 679 4215 libris
695 4160 804 4215 librarii
821 4164 871 4215 aut
888 4161 942 4216 viri
959 4161 1037 4216 docti
1054 4161 1172 4217 alicuius
1189 4161 1352 4217 coniectura

293 4241 533 4397 {oggituqillatum
569 4243 608 4298 Gt
628 4243 823 4300 Stndamundii
845 4245 998 4317 Festgruss
1025 4263 1074 4302 eus
1092 4247 1249 4316 wirzburg
1276 4248 1352 4314 1868,
