2968 5030
265 485 327 546 416
761 483 899 538 Asinaria

264 674 342 754 pedo
364 676 497 734 concitus
520 681 575 734 eat.
620 675 693 736 Rem
715 675 830 755 primus
851 677 996 738 indicavit
1016 677 1217 738 Buttmannue
1239 678 1278 738 ad
1298 677 1391 737 Fron·

265 783 365 836 ionem
393 797 422 854 p.
448 779 502 850 54,
537 779 588 854 qui
622 783 722 838 tamen
758 782 789 838 in
822 799 857 840 eo
887 785 983 854 erret,
1013 780 1093 858 quod
1120 781 1306 859 quadripedo
1332 801 1392 840 nou

267 875 379 952 „trot“,
409 879 460 938 sed
490 875 617 958 „galop“
648 881 816 956 significare
848 889 959 944 eanaet.
994 913 1036 924 —
1068 883 1177 944 Hiatus
1211 885 1242 942 in
1276 883 1391 942 dieresi

264 981 352 1040 huiua
380 1001 482 1042 versus
509 1003 569 1042 non
597 983 736 1057 offendit,
764 1003 820 1043 neo
847 1003 970 1062 pror-aue
992 987 1163 1063 negaverim
1185 980 1310 1063 uyitubo
1331 986 1391 1042 aine

264 1084 383 1144 obiecto
416 1086 489 1162 poni
521 1087 671 1163 potuiaee;
705 1105 807 1146 varum
835 1085 864 1146 h.
889 1087 908 1144 l.
937 1089 1064 1146 maxime
1096 1088 1246 1148 ablativus
1281 1081 1392 1148 cuiouri

265 1187 350 1259 iecit,
381 1195 416 1246 ut
447 1194 495 1260 „te
524 1183 662 1266 agitabo“
688 1190 832 1264 aoriptum
860 1189 950 1248 inune
978 1209 1123 1250 aenaeam.
1151 1218 1194 1228 -
1223 1185 1389 1249 admoram

265 1283 396 1364 cliuum
419 1291 527 1350 olivum
551 1311 582 1350 ae
605 1291 785 1350 adscendere
813 1289 909 1370 fingit.
931 1321 974 1334 -
998 1295 1070 1352 702.
1096 1287 1209 1352 Postea
1233 1287 1277 1351 ud
1298 1289 1390 1362 codd,

264 1391 348 1451 hiatu
375 1411 480 1469 parum
507 1394 671 1470 probabili3
702 1393 769 1452 edd.
799 1395 937 1472 plerique
969 1391 1164 1470 „Poetidea“;
1193 1411 1249 1469 ego
1273 1393 1391 1452 Gertzio

269 1499 390 1554 auotore
413 1494 442 1554 te
463 1495 575 1555 addidi.
594 1527 637 1536 —
660 1493 703 1556 ad
717 1493 873 1571 restores,
898 1496 936 1556 ad
958 1497 1050 1556 molae
1072 1498 1104 1556 in
1125 1497 1254 1574 pistrino
1276 1516 1392 1554 verean-

264 1597 326 1670 daa,
351 1617 415 1676 quae
439 1597 500 1656 fere
524 1600 674 1658 asinorum
697 1605 799 1678 partes
822 1605 917 1658 erant.
939 1629 981 1640 -
1000 1601 1071 1660 703.
1095 1599 1208 1658 Iterum
1230 1617 1263 1656 ae
1286 1597 1391 1656 olivum

264 1699 442 1759 descendere
463 1699 558 1778 fingit,
582 1700 633 1760 ubi
656 1707 686 1760 et
709 1703 761 1779 qui
783 1721 859 1780 equo
882 1709 1018 1779 pereunt,
1041 1708 1072 1759 et
1091 1701 1143 1778 qui
1159 1720 1219 1760 eure
1237 1701 1392 1758 aeouriteti

264 1803 430 1876 consulunt,
449 1802 579 1881 pedibus
595 1803 693 1863 aolent
709 1803 835 1880 ingredi.
851 1833 888 1842 -
905 1805 976 1863 704.
995 1796 1086 1864 umbo
1103 1803 1175 1862 olim
1193 1802 1390 1862 emendatum.

263 1903 418 1964 Excidieae
436 1906 549 1983 aliquid
566 1907 682 1965 numeri
694 1905 864 1965 ostendunt.
887 1907 1014 1982 Antiqui
1032 1904 1098 1964 edd.
1119 1905 1246 1964 alterum
1267 1903 1388 1977 „embo“

263 2015 332 2084 poet
353 2005 440 2080 „noe“
461 2007 625 2081 addebant3
644 2007 778 2084 Seyffert.
792 2011 822 2066 in
835 2007 942 2067 Philol.
955 2006 1079 2080 XXVII,
1092 2007 1154 2065 440
1170 2005 1309 2080 „amboe“
1325 2013 1391 2064 ante

267 2107 403 2183 „ambo“‚
416 2129 470 2188 ego
486 2109 594 2182 „eatia“
609 2115 678 2189 poet
693 2107 816 2182 „ambo“
830 2111 959 2169 mallem.
984 2109 1045 2168 Fi:
1068 2113 1228 2188 „quoniam
1241 2108 1328 2168 ambo
1340 2129 1392 2168 uos

264 2217 297 2270 ut
309 2217 355 2270 ent
367 2207 579 2285 [oon]lubitum
592 2210 791 2272 deluaeiatis“.
804 2241 839 2252 —
860 2213 931 2272 705.
944 2212 1083 2272 statuam
1095 2211 1125 2272 ei
1135 2227 1225 2272 arum
1236 2209 1335 2282 codd,
1348 2209 1391 2268 Fl.

268 2333 367 2386 „oram
385 2318 416 2372 et
433 2313 592 2388 statuam“‚
611 2335 671 2392 quo
689 2317 780 2392 magia
795 2321 939 2392 appareat
950 2315 1120 2374 elliteratio.
1132 2345 1177 2356 -
1189 2315 1260 2374 707.
1273 2307 1391 2384 Etiam,

264 2418 284 2474 i.
303 2437 328 2473 e.
356 2413 477 2492 „quin“,
501 2417 560 2476 vid.
579 2437 671 2496 supra
687 2417 725 2476 ad
744 2419 814 2476 670.
850 2417 892 2476 Gi.
905 2416 1011 2476 Baooh.
1027 2418 1104 2476 669:
1130 2415 1247 2490 „Etiam
1270 2435 1391 2492 reapon-

267 2515 383 2576 detia?“
409 2517 476 2576 Ter.
494 2517 587 2578 Andr.
607 2521 683 2578 849:
711 2519 829 2592 „Etiam
850 2525 885 2578 tu
906 2518 962 2578 hoo
984 2517 1186 2596 respondea?“
1213 2519 1299 2577 Cure.
1319 2521 1391 2576 189:

271 2619 388 2693 „Etiam
410 2620 651 2698 dispertimini?“
677 2621 768 2680 Most.
783 2623 860 2681 921:
882 2621 1037 2696 „Etiamne
1055 2619 1194 2699 aperia?“
1221 2620 1303 2678 Pera.
1318 2621 1392 2678 274:

270 2721 390 2794 „Etiam
412 2722 577 2800 reepioia?“
619 2726 693 2782 541:
722 2722 837 2796 „Etiam
860 2730 893 2782 tu
916 2724 996 2782 illam
1020 2721 1192 2783 destinae?“
1231 2721 1309 2781 Rud.
1333 2723 1392 2780 467

267 2831 297 2882 et
320 2827 396 2883 469:
424 2823 582 2898 „Etiamne
598 2833 759 2904 arreptura
776 2824 848 2884 ee?“
874 2826 954 2885 Poen.
972 2828 1034 2885 428
1058 2832 1088 2885 et
1104 2825 1171 2885 Ter.
1185 2825 1305 2884 Phorm.
1320 2825 1393 2882 542:

270 2925 426 2998 „Etiamne
449 2925 551 2986 abis?“
577 2928 658 2988 Pera.
674 2931 732 2988 153
753 2935 783 2987 et
799 2928 881 2987 Trin.
897 2930 957 2988 514
975 2935 1006 2987 et
1023 2929 1089 2988 Ter.
1103 2927 1160 2986 Ad.
1175 2929 1251 2986 550:
1280 2925 1394 3000 „Etiam

266 3027 383 3088 taoee?“
421 3029 489 3089 Ter.
513 3031 621 3090 Hoant.
648 3035 722 3090 235:
757 3030 875 3104 „Etiam
904 3029 1030 3090 oavao?“
1056 3028 1190 3108 -ipse
1217 3049 1271 3088 neo
1294 3048 1395 3087 versus

266 3153 320 3190 neo
343 3135 490 3192 sententia
514 3133 663 3206 admittit3
687 3133 774 3192 scrib.
789 3130 912 3209 iprum.
957 3133 1105 3193 Leonidae
1134 3133 1289 3210 pecuniam
1319 3152 1394 3191 oom-

266 3239 398 3310 paravit‚
422 3235 538 3294 Libano
560 3235 644 3294 lunua
667 3257 756 3294 cauea
777 3235 919 3310 tradidit,
948 3255 977 3295 v.
1003 3238 1063 3294 670
1087 3242 1118 3295 et
1138 3235 1218 3294 infra
1243 3237 1315 3293 721.
1350 3233 1393 3292 Fl.

266 3336 329 3394 ed:
356 3357 420 3410 „me
443 3335 538 3416 ipae“.
572 3337 661 3396 Both.
689 3359 740 3410 „ao
763 3359 809 3396 me
832 3339 964 3397 uioieeim
987 3336 1184 3414 adgredere“,
1207 3343 1242 3396 ut
1266 3339 1396 3396 715.—

268 3441 339 3498 708.
364 3436 516 3514 iusserat,
545 3441 605 3498 vid.
629 3440 667 3500 ad
689 3441 797 3517 Amph.
822 3442 893 3500 3791
916 3469 959 3480 -
983 3443 1054 3500 709.
1078 3441 1187 3500 Versus
1216 3459 1307 3498 oeuea
1335 3457 1393 3496 roo.

267 3537 359 3600 deum
387 3547 639 3622 transposuerunt
668 3543 734 3602 edd.
764 3549 817 3602 aut
839 3550 909 3620 post
934 3538 1119 3618 „nominem“
1145 3547 1196 3600 aut
1219 3547 1291 3620 post
1318 3537 1393 3615 „te“.

267 3673 310 3682 -
338 3645 445 3722 atque,
475 3646 494 3702 i.
519 3665 543 3702 e.
575 3651 605 3703 ot
634 3645 768 3722 quidem,
799 3644 859 3703 vid.
890 3644 927 3703 ed
949 3645 1058 3722 Amph.
1084 3647 1155 3703 278.
1184 3675 1227 3686 -
1255 3639 1394 3704 Furtum

271 3741 451 3823 Obsequere·
474 3749 546 3806 natio
569 3754 642 3806 nota
665 3753 710 3806 est
731 3747 778 3806 vel
801 3767 836 3806 ax
860 3747 1057 3824 scriptoribus
1079 3747 1125 3807 vel
1149 3769 1185 3806 ex
1206 3748 1315 3820 titulis,
1338 3746 1393 3806 vid.

267 3849 395 3922 Prener,
418 3849 514 3926 Myth.
538 3849 662 3909 noman.
691 3870 721 3926 p.
748 3851 818 3908 ere.
844 3881 886 3889 -
916 3851 986 3908 710.
1011 3835 1089 3910 istoc
1116 3866 1149 3910 es
1175 3843 1301 3924 metor,
1331 3851 1349 3907 i.
1372 3871 1393 3906 e.

267 3957 353 4010 tanto
372 3951 485 4023 melior,
503 3957 538 4010 ut
553 3952 666 4026 legitur
682 3951 788 4010 Baooh.
809 3953 881 4012 207.
899 3982 943 3990 -
960 3947 1033 4011 olim
1050 3951 1156 4025 delevi,
1174 3958 1281 4029 utpote
1300 3973 1394 4010 errore

267 4053 385 4130 legendi
408 4073 445 4111 ex
466 4055 603 4131 proximo
625 4052 769 4112 vocabulo
791 4059 898 4113 ortum.
933 4053 1059 4114 Frustra
1076 4053 1235 4113 defendere
1253 4061 1395 4114 conantur

267 4155 360 4214 allato
383 4155 447 4214 Mil,
472 4159 505 4214 2:
542 4157 631 4230 „olim
662 4177 751 4235 quom
779 4157 885 4216 sudum
916 4151 991 4214 est“.
1037 4157 1084 4216 Ibi
1114 4154 1214 4232 „tum“
1240 4157 1393 4234 significat,

267 4257 314 4315 hio
339 4253 518 4335 „umquam“
544 4259 720 4336 requiritur.
753 4259 865 4318 Muller
882 4260 956 4318 noni.
979 4261 1046 4335 „An
1063 4259 1136 4337 quid
1151 4260 1207 4318 ulli
1225 4255 1393 4318 hominist“.

268 4389 310 4398 -
334 4361 405 4418 711.
432 4359 533 4419 tamen
556 4381 622 4419 oum
639 4361 882 4421 antecedentibus
900 4362 1091 4437 iungendum,
1109 4382 1135 4420 v.
1155 4362 1194 4420 ad
1203 4361 1313 4438 Amph.
1329 4363 1393 4421 538.
