2992 5054
1459 358 1460 414 l

275 494 315 552 48
791 487 883 542 prauo
1187 489 1388 556 neue-142
1459 441 1460 520 l

691 678 958 762 ·Amphitruo

275 787 389 871 Neque
412 785 529 870 edepol
551 785 626 851 dedi
647 807 753 870 neque
777 787 858 868 dixi3
881 809 996 852 uerum
1017 788 1065 853 ile
1087 788 1253 852 animatus
1275 786 1320 852 lui
1348 795 1391 846 755
1460 790 1461 882 l

275 895 391 980 Itaque
414 917 499 960 nuno
521 916 601 974 sum,
623 901 661 959 ut
678 915 718 958 ee
733 901 766 960 te
784 901 902 978 petere
918 895 1050 976 donem3
1074 894 1133 960 sed
1150 895 1224 979 quis
1241 897 1324 960 istuc
1339 895 1392 959 tibi

275 1004 388 1070 Dixit?

732 1110 950 1177 Alcumena

404 1219 474 1302 Ego
498 1219 649 1304 equidem
672 1241 712 1284 ex
734 1225 768 1285 le
791 1219 903 1285 audiui
925 1225 959 1285 et
981 1241 1021 1284 ex
1042 1225 1102 1285 tuo
1123 1221 1237 1304 eeeepi
1261 1241 1359 1286 mauu

275 1332 438 1396 Peterem.

722 1433 959 1520 Amphitruo

451 1545 558 1625 Mane,
580 1565 685 1626 mene,
708 1543 845 1618 ob'seoro
868 1550 910 1609 te.
944 1543 1048 1610 Nimis
1071 1545 1223 1626 demiror,
1248 1545 1350 1625 Sosia„

276 1655 339 1732 Qui
360 1653 457 1718 illeeo
479 1651 547 1717 illie
568 1673 619 1716 me
643 1651 799 1716 donatum
822 1673 893 1718 esse
916 1673 1018 1717 aurea
1039 1659 1157 1736 petere
1178 1655 1270 1732 sciet,

275 1763 346 1827 Nisi
366 1767 404 1826 tu
423 1760 546 1825 dudum
562 1759 648 1825 hene
664 1761 847 1824 eonuenisti
864 1767 898 1826 el
917 1762 1096 1826 narrauisli
1112 1760 1193 1825 liaeo
1211 1762 1329 1826 omnia.
1353 1769 1400 1820 760

784 1869 902 1935 Sosio

276 1979 389 2063 Neque
412 1976 529 2060 edepol
551 1997 612 2058 ego
635 1976 702 2041 dixi
724 1997 830 2061 neque
853 1978 950 2042 istem
977 1977 1046 2042 uidi
1074 1979 1137 2043 nisi
1164 1983 1274 2042 tecum
1297 1975 1398 2041 simul.

723 2084 958 2170 Amphitruo

277 2194 363 2273 Quid
384 2195 447 2260 hoe
468 2194 506 2258 fit
527 2193 672 2258 homini?

242 2323 248 2338 =
734 2300 952 2366 Alcumena

709 2407 773 2473 Uin
796 2409 936 2492 proferri
957 2413 1129 2494 pateram?

724 2538 960 2625 Amphitruo

1130 2625 1275 2692 Proferri
1295 2625 1382 2693 uolo.

735 2733 950 2800 Alcumena
1022 2807 1025 2814 ¹

279 2844 361 2908 Fial.
395 2841 482 2922 ltu,
505 2840 673 2918 Thessalo,
695 2841 783 2906 intus
807 2849 957 2925 pateram
979 2841 1126 2925 proferto
1150 2842 1249 2920 sorae,

279 2953 351 3030 Qua
372 2951 470 3016 hodie
492 2971 584 3015 meus
606 2951 657 3014 uir
680 2949 818 3015 donauit
840 2972 901 3014 me.

726 3057 961 3141 Amphitruo

917 3164 1040 3230 Secede
1062 3164 1126 3230 huo
1147 3173 1193 3245 tu,
1216 3164 1318 3230 Sosia.

278 3275 453 3338 Enimuero
476 3271 558 3336 illud
581 3279 713 3355 praeter
735 3273 802 3336 alio
824 3273 906 3338 miro
927 3275 1028 3338 miror
1050 3295 1210 3354 maxume,
1356 3282 1406 3334 765

278 3383 313 3448 Si
334 3381 415 3446 haee
437 3380 538 3445 hebet
560 3386 709 3464 peterem
730 3379 830 3445 illem.

786 3487 900 3554 Sosia

554 3595 606 3659 Au
629 3593 757 3678 [etiem]
781 3597 887 3662 eredis
908 3595 965 3660 id?
988 3596 1080 3673 Quae
1101 3597 1136 3660 in
1158 3595 1221 3660 hoe
1243 3595 1406 3662 cistellula

279 3705 349 3768 Tuo
371 3705 463 3786 siguo
486 3703 660 3785 obsignata
680 3701 795 3769 fertur.

726 3811 963 3894 Amphitruo

803 3918 936 3984 Seluom
958 3920 1138 4003 siguumsl?

766 4027 903 4093 ‘Sosio

1144 4133 1282 4217 Inspice.

350 4367 401 4419 758
418 4366 545 4420 deminor
613 4369 665 4421 762
682 4367 858 4424 sithominis
927 4369 977 4422 763
995 4369 1006 4420 i
1023 4384 1073 4422 om.
1127 4366 1252 4436 prolecto
