2956 5018
571 483 782 554 Prolegomena
1181 489 1240 550 169

101 677 231 755 expleri
249 679 377 739 voluerit
395 684 493 757 poeta,
516 680 581 758 ipse
602 679 649 738 his
672 679 770 739 verbis
788 679 902 740 indicat
921 675 961 753 (v.
982 675 1072 754 575):
1100 679 1241 753 „Tibicen

100 801 161 839 vos
199 784 316 841 interea
348 783 398 841 hic
430 781 653 844 delectaverit“.
699 782 816 842 Similes
849 783 908 843 loci
941 787 1012 842 eunt
1045 784 1076 842 in
1103 782 1242 842 Asinaria

99 904 131 942 v.
159 886 238 958 802,
260 885 312 944 ubi
334 885 478 944 Diabolus
501 906 565 945 curn
588 888 723 963 parasito
745 888 777 945 in
798 888 901 946 amica
924 885 1017 944 eadem
1041 887 1165 958 intrant,
1189 885 1242 944 sed

99 1007 194 1061 mox,
220 995 380 1066 postquam
406 989 516 1048 rivales
543 990 585 1049 ibi
611 994 845 1066 conspexerunt,
869 993 991 1062 exennt3
1014 991 1046 1048 in
1069 989 1242 1050 Cistellaria

99 1110 130 1147 v.
158 1090 242 1165 458,
265 1090 317 1150 ubi
339 1091 473 1151 Melania
505 1091 576 1165 „Ibo
598 1089 737 1152 domum“
768 1094 869 1170 inquit
900 1092 1016 1170 „Atque
1040 1092 1079 1151 ad
1100 1097 1240 1170 parentes

98 1192 274 1253 redducam
306 1193 486 1268 Selenium“‚
521 1215 589 1254 mox
623 1216 690 1284 cum
723 1195 840 1256 Selenio
878 1195 997 1255 rediens
1030 1197 1073 1254 sic
1105 1196 1239 1256 orditur:

103 1295 210 1369 „Rem
231 1298 349 1357 elocuta
371 1318 437 1357 sum
458 1298 515 1358 tibi
538 1319 672 1372 omnem
693 1317 817 1376 sequere
839 1317 887 1358 me
910 1298 979 1371 hac,
1002 1296 1186 1372 Selenium“;
1209 1300 1241 1359 in

98 1399 466 1476 Heautontimorumeno,
490 1422 549 1479 quo
570 1403 637 1462 leco
659 1404 797 1479 quintum
820 1407 920 1461 actum
942 1401 1035 1460 ordiri
1053 1402 1165 1475 solent,
1188 1401 1241 1460 ubi

99 1503 314 1578 Menedemus,
339 1506 391 1582 qui
412 1524 508 1584 nuper
529 1505 648 1564 introiit
670 1501 710 1579 (v.
736 1501 822 1580 873),
845 1507 953 1564 iterum
976 1505 1038 1562 exit
1060 1500 1161 1578 (874).
1206 1504 1241 1564 In

100 1607 257 1667 eiusmodi
278 1608 353 1668 locis
377 1613 408 1666 et
428 1609 557 1668 fortasse
580 1611 671 1668 etiam
697 1610 729 1669 in
751 1609 818 1668 aliis
841 1607 1027 1685 quibusdam,
1049 1607 1101 1666 ubi
1122 1609 1240 1686 longius

100 1712 255 1789 temporis
274 1712 406 1788 spatium
424 1713 625 1771 intercessisse
642 1712 774 1790 fingitur,
793 1711 922 1771 tibicinis
940 1715 1045 1770 cantus
1060 1711 1240 1770 histrionum

101 1817 197 1872 actus
225 1814 445 1892 interpellavit;
479 1814 533 1874 sed
562 1817 748 1892 paucissimis
776 1815 824 1874 his
850 1814 921 1874 locis
949 1815 1080 1892 exceptis
1109 1812 1241 1872 dubitari

101 1935 171 1976 non
193 1921 310 1995 potest,
335 1919 421 1993 quin,
444 1923 479 1975 ut
502 1916 637 1978 Donatus
659 1920 716 1992 ait,
745 1937 806 1978 non
828 1920 998 1996 interrupte
1019 1915 1241 1976 succedentium

102 2038 211 2078 rerum
232 2021 454 2080 continuatione
475 2025 542 2080 tota
563 2021 666 2080 {abula
688 2025 810 2100 peracte
831 2023 879 2082 sit.
927 2021 1025 2094 Quare
1046 2021 1078 2078 in
1100 2019 1156 2078 hac
1178 2018 1240 2078 edi·

104 2123 195 2182 tione
221 2143 278 2182 uec
304 2127 426 2182 actuum
453 2123 561 2184 divisio
587 2125 758 2184 invenietur
791 2144 846 2184 uec
873 2124 911 2184 de
939 2123 1092 2184 dividendi
1124 2123 1242 2182 ratione

105 2227 239 2304 amplius
273 2226 492 2304 disputabitur3
532 2231 651 2288 tantum
689 2229 721 2287 in
759 2229 913 2307 superiore
949 2228 1084 2302 margine
1119 2225 1242 2302 vulgata

105 2333 230 2389 actuum
258 2334 289 2389 et
319 2349 473 2389 scenarum
501 2329 609 2390 divisio
636 2330 832 2405 indicabitur,
856 2336 890 2390 ut
912 2331 970 2390 loci
992 2328 1031 2390 ad
1051 2330 1128 2390 hanc
1148 2329 1241 2388 ratio-

106 2451 177 2490 nem
198 2434 286 2492 citati
306 2433 437 2492 inveniri
458 2433 585 2512 possint.

644 2821 707 2902 Ἦ.

454 2985 902 3072 Membhudmmb

194 3255 342 3315 Tibicinis
369 3261 472 3333 part-es
500 3277 561 3317 non
589 3276 631 3316 ece
659 3257 731 3316 sola
761 3261 860 3329 eraut,
893 3260 930 3314 ut
962 3275 1117 3316 scenarum
1148 3257 1241 3316 inter

109 3360 201 3431 valla,
232 3360 259 3416 si
287 3378 361 3436 opus
390 3364 470 3434 erat,
501 3364 676 3438 occuparet3
709 3362 782 3438 ipsa
814 3359 923 3418 sabula
955 3379 1093 3437 magnam
1125 3364 1242 3438 partem

109 3461 206 3520 modis
228 3461 359 3539 impleta
382 3467 470 3521 eraut
490 3467 521 3522 et
543 3462 581 3522 ad
602 3463 693 3523 tibias
715 3463 905 3522 canebantur.
939 3462 1044 3522 Testes
1065 3466 1136 3521 sunt
1157 3461 1241 3519 dida-

110 3565 209 3624 ecaliae
219 3563 418 3637 Terentiana,
438 3584 503 3642 quae
521 3565 559 3624 ad
574 3585 724 3644 quamque
740 3565 872 3625 sabulum
889 3565 1034 3638 indicant,
1053 3565 1120 3641 quis
1136 3563 1242 3622 modos

110 3668 216 3726 lecerit
238 3673 269 3727 et
291 3687 350 3744 quo
372 3669 513 3728 tibiarum
535 3689 643 3744 genere
672 3673 741 3728 acta
763 3671 811 3727 sit.
856 3669 892 3728 In
914 3668 1014 3727 Plauti
1036 3667 1144 3726 fabulis
1167 3668 1241 3726 nihil

109 3771 169 3830 tale
191 3771 340 3843 traditiu,
364 3771 417 3830 sed
439 3773 471 3830 in
494 3771 646 3831 codicibus
668 3771 816 3832 Plautinis
838 3771 917 3848 Bet
938 3771 960 3830 G
982 3773 1093 3849 passim
1116 3777 1240 3830 servatae

110 3881 180 3934 suut
202 3879 281 3932 notec
306 3874 345 3932 ad
373 3874 449 3934 hanc
477 3893 540 3933 rem
568 3876 767 3953 pertinentes,
792 3893 856 3950 quea
879 3876 911 3933 in
933 3875 1068 3934 Terentii
1090 3874 1241 3934 codicibus

110 3979 275 4056 perierunt.
321 3976 412 4054 Apud
434 3977 585 4037 Donatum
612 3977 667 4036 hae
695 3979 756 4036 iam
784 3979 967 4054 antiquiores
996 3978 1141 4056 philologi
1164 3997 1241 4036 com-

111 4085 290 4140 memoratas
312 4079 456 4156 legerant.
501 4079 637 4140 Donatus
668 4083 746 4138 enim
767 4081 798 4138 in
820 4080 1024 4159 Adelphorum
1040 4081 1239 4160 prefatione:

116 4183 217 4262 „Saepe
244 4188 346 4242 temen
372 4185 494 4242 mutatis
521 4203 576 4261 per
600 4203 718 4242 scenam
740 4183 838 4243 modis
860 4184 975 4243 cantica
996 4185 1137 4256 mutavit,
1161 4184 1241 4260 quod

112 4287 259 4365 significat
281 4285 388 4345 titulus
410 4306 505 4344 scena
527 4286 639 4346 habeus
661 4286 809 4346 subiectas
831 4285 948 4344 litteras
970 4287 1012 4344 M.
1037 4286 1079 4346 Μ.
1099 4286 1130 4346 Ο.
1164 4287 1241 4346 Item

113 4389 248 4450 diverbia
276 4388 314 4448 ab
341 4388 539 4449 histrionibus
567 4388 672 4448 crebro
698 4390 895 4468 pronuntiate
922 4393 1006 4462 sunt,
1036 4408 1101 4466 quoe
1128 4389 1240 4468 signifi-
