2968 5030
582 512 614 566 v.
631 513 775 568 seo-501.
1180 520 1241 582 397

113 710 187 767 491.
210 702 325 784 Lupus
350 707 396 768 est
422 702 513 767 homo
540 703 658 768 heulini
680 715 734 767 etc.
780 707 844 768 Hoc
871 709 1031 788 proverbio
1059 707 1242 787 significetur

113 813 218 885 ignoto
241 811 357 870 homini
381 830 439 868 non
457 812 552 885 magis
572 831 660 888 quam
677 811 747 888 lupo
766 811 944 869 credendum
963 831 1035 874 esse.
1059 811 1130 884 Qua
1150 833 1241 890 quum

112 913 277 972 excusandi
306 932 393 977 causa
421 911 540 985 efferat,
570 912 615 970 his
645 915 748 970 statim
771 915 898 992 arreptis
922 913 1070 972 Leonidas
1094 934 1159 972 eum
1183 917 1240 974 iam

48 1019 53 1026 “
112 1012 161 1088 (V.
187 1013 264 1089 499)
293 1015 352 1073 sibi
378 1011 515 1074 senacula
541 1010 647 1090 facere
674 1015 762 1090 dicit,
793 1017 812 1073 i.
837 1036 861 1073 e.
885 1014 1104 1088 obsecundare,
1134 1021 1169 1074 ut
1199 1019 1242 1076 ait

111 1119 233 1177 Terent.
257 1117 366 1175 Heaut.
391 1119 462 1176 827.
497 1117 553 1176 sd.
578 1119 655 1190 994,
684 1123 736 1176 aut
768 1117 876 1190 „verba
904 1118 1033 1177 secunda
1060 1116 1173 1195 loqui“,
1207 1125 1242 1178 ut

112 1219 201 1280 ovid.
213 1221 279 1278 Art.
291 1219 321 1296 Ι,
330 1221 400 1291 586,
423 1225 476 1278 aut
503 1220 663 1292 „secundae
681 1216 799 1294 agere“,
818 1225 852 1278 ut
868 1219 979 1279 Seneca
997 1221 1032 1278 de
1044 1220 1093 1279 Ira
1104 1220 1157 1294 ΠΙ,
1171 1224 1198 1296 8,
1212 1224 1240 1280 6.

112 1353 156 1363 -
179 1316 251 1381 huic
273 1316 419 1396 capitula,
442 1321 511 1380 huic
534 1323 633 1400 capiti,
657 1322 739 1380 mihi.
757 1353 801 1363 -
819 1325 890 1382 493.
912 1324 1096 1400 Quamquam
1120 1324 1243 1382 sordida

111 1429 207 1497 veste,
230 1425 339 1500 inquit,
362 1423 485 1483 indutus
508 1443 581 1497 snm,
605 1429 705 1482 tamen
728 1425 890 1500 frugisum
910 1431 947 1499 et,
966 1425 1107 1484 attalem
1126 1445 1242 1484 servum

109 1527 209 1599 decet,
233 1528 393 1584 maximum
412 1527 561 1602 peculium
581 1526 687 1586 habeo.
723 1526 858 1586 Ceterum
882 1527 962 1605 quod
985 1529 1134 1604 peculium
1158 1549 1242 1588 suum

110 1629 282 1688 enumerari
308 1647 395 1706 posse
422 1633 525 1705 negat,
549 1649 615 1687 cum
638 1631 700 1688 risu
723 1629 934 1708 adprobebunt
962 1633 1160 1707 spectatores,
1191 1631 1241 1710 qui

110 1731 230 1790 nullum
259 1751 322 1790 esse
349 1733 456 1790 sciunt.
478 1759 522 1770 -··
544 1733 616 1790 495.
641 1732 749 1791 Versus
772 1734 849 1790 iusto
878 1733 1003 1809 longior.
1048 1731 1242 1809 Antiquiores

112 1833 186 1891 edd.
210 1854 273 1892 voc.
298 1829 387 1892 diues
408 1835 439 1892 in
461 1841 632 1910 sequentem
662 1854 779 1892 versum
810 1832 1046 1905 transferebant,
1077 1853 1136 1909 quo
1164 1837 1242 1892 facto

110 1935 193 1994 hunc
216 1935 452 2012 corrumpebant.
498 1935 587 1995 Both.
610 1935 656 1994 Fl.
680 1957 708 1994 v.
733 1933 800 1996 dico
823 1937 998 2006 omiserunt3
1028 1935 1079 1994 ced
1102 1955 1138 1994 ne
1160 1953 1244 1995 nunc

110 2037 236 2115 quidem
269 2059 372 2097 senum
405 2038 532 2098 videtur.
578 2037 642 2116 Ego
670 2043 829 2115 utrumque
857 2037 979 2096 verbum
1009 2056 1044 2094 ex
1073 2033 1163 2098 hodie
1191 2047 1243 2096 ant

114 2141 193 2212 „hoc
211 2137 277 2198 die“
299 2147 398 2200 ortum
416 2143 530 2219 putavi.
548 2171 590 2182 -
608 2135 730 2214 Rhodo,
753 2161 792 2200 sc.
817 2141 984 2217 profectum
1005 2141 1052 2200 vel
1075 2141 1241 2214 oriundum,

110 2241 277 2315 Rhodium,
296 2244 332 2302 ci.
344 2243 435 2302 Mero.
450 2245 526 2302 929:
554 2243 669 2316 „Uidec
692 2243 735 2302 ibi
758 2243 905 2322 hospitem
923 2240 1104 2319 Zacyntho“.
1137 2243 1240 2302 Bacch.

109 2348 194 2405 227:
212 2345 348 2422 „Epheso
359 2343 499 2424 hospes“.
512 2346 592 2404 Poen.
607 2349 684 2406 999:
701 2346 894 2419 „Hannonem
907 2365 971 2404 sese
984 2343 1240 2423 aitCarthagine“.

109 2450 189 2508 cns.
208 2449 241 2506 B.
260 2449 323 2508 Oiv.
338 2449 361 2522 Ι,
375 2451 431 2507 24:
454 2448 507 2522 „N.
526 2449 645 2523 Magius
662 2444 823 2508 Cremone“
845 2448 882 2506 al.
899 2477 943 2488 -·-
960 2449 1032 2507 497.
1053 2442 1245 2508 Numerusca't

109 2552 222 2628 scripsi
251 2571 315 2610 cum
338 2551 445 2610 Bothio
472 2569 575 2610 versus
605 2571 710 2624 causa,
735 2553 844 2609 omissa
865 2551 1092 2629 praepositione,
1120 2569 1184 2627 quae
1208 2571 1243 2608 ex

109 2654 204 2712 initio
227 2653 432 2712 antecedentis
454 2649 559 2712 versus
581 2655 657 2712 male
680 2655 810 2731 repetito
827 2653 899 2711 oriri
917 2654 1025 2730 potuit.
1059 2651 1174 2710 Deinde
1197 2653 1246 2711 est

109 2755 219 2815 addidi
243 2776 279 2813 ex
301 2755 397 2814 Reizii
425 2757 603 2816 coniectura.
648 2755 693 2814 sl.
718 2755 780 2815 ed.:
807 2754 1041 2829 „Adnumerauit
1063 2759 1093 2812 et
1116 2755 1245 2814 credidit

111 2857 191 2917 mihi
213 2877 309 2935 neque
332 2858 488 2935 deceptust
510 2861 543 2917 in
565 2857 629 2916 eo“.
650 2887 686 2898 -
708 2859 779 2917 499.
800 2853 856 2917 Me
874 2877 999 2935 pravum
1022 2876 1084 2918 esse
1108 2864 1242 2936 apparet,

110 2981 185 3020 nam
207 2962 379 3039 percontari
407 2961 537 3038 aliquem
565 2965 611 3019 est
636 2979 769 3036 quaersre
798 2981 834 3018 ex
862 2960 978 3037 aliquo,
1001 2981 1028 3016 v.
1043 2962 1125 3019 340.
1171 2960 1244 3018 For·

109 3071 197 3121 tasse
220 3083 256 3120 ex
278 3083 410 3139 personae
433 3067 506 3122 nota
528 3061 731 3122 antecedentis
744 3083 856 3121 uersus
880 3068 976 3121 ortum
999 3069 1052 3120 est.
1089 3057 1173 3138 quod
1188 3082 1243 3139 pro

116 3185 198 3242 „quo
222 3162 272 3224 id“
298 3166 356 3222 iam
379 3167 410 3224 in
434 3164 518 3224 codd.
543 3164 740 3224 emendatum.
763 3195 806 3206 --
828 3159 927 3225 Haud
947 3161 1120 3242 necassem,
1146 3185 1168 3222 s.
1193 3185 1242 3222 ne-

111 3269 264 3344 gaverim,
293 3267 397 3326 eodem
425 3287 526 3342 sensu,
557 3287 616 3345 quo
645 3274 732 3327 antes
755 3269 863 3345 sepius
889 3264 1064 3340 „Fortassc“
1092 3267 1176 3325 dixit.
1201 3297 1243 3308 —

112 3369 172 3428 His
194 3369 282 3428 dictis
305 3377 451 3430 mercator
478 3375 509 3428 et
530 3371 609 3428 servi
636 3369 678 3428 ad'
702 3371 800 3429 iorum
831 3369 953 3442 abeunt,
984 3375 1017 3427 ut
1040 3369 1243 3428 Demaenetum

112 3477 260 3549 querant.

581 3621 784 3629 -——-—-

205 3782 276 3839 500.
300 3779 419 3838 Exeunt
440 3779 578 3838 Cleareta
605 3780 672 3839 lena
698 3784 728 3837 et
749 3777 813 3836 filis
836 3781 907 3837 eius.
953 3779 1123 3839 Trochaicis
1146 3785 1243 3856 septe·

1 3947 2 3954 ¹
114 3883 211 3940 nariis
240 3881 463 3959 colloquuntur,
497 3888 587 3960 etque
622 3881 697 3940 adeo
731 3881 921 3940 altercantur.
951 3913 994 3922 -
1025 3877 1075 3941 led
1103 3887 1184 3940 extat
1214 3884 1243 3940 in

115 3984 182 4045 cod.
207 3983 248 4057 D,
278 3983 338 4043 vid.
362 3983 474 4044 Ritsch.
498 3983 535 4042 N.
559 3983 630 4042 Exc.
654 4005 684 4062 p.
710 3985 759 4041 26.
783 4013 826 4024 -
847 3985 1043 4044 mansuetam
1073 3983 1173 4057 codd,
1197 3983 1243 4042 Fl.

119 4084 339 4162 „mansuetem“
367 4092 400 4146 ut
421 4107 449 4146 v.
476 4088 545 4146 144.
568 4115 612 4126 -
636 4089 706 4146 501.
729 4087 790 4160 An,
814 4087 927 4162 inquit,
957 4107 992 4145 eo
1021 4087 1119 4144 enimc
1143 4105 1187 4159 es,
1211 4093 1245 4145 ut

116 4192 224 4250 matris
252 4189 377 4268 imperio
404 4194 435 4248 te
460 4190 585 4262 eximas,
609 4189 715 4247 matris
738 4189 895 4266 imperium
918 4208 977 4246 non
1000 4187 1105 4246 cures?
1128 4188 1186 4246 Pro
1210 4190 1247 4247 ut

117 4289 174 4369 qui
200 4291 288 4352 Both.
320 4297 373 4364 „ut
400 4289 484 4369 quse“
521 4289 625 4350 edidit.
671 4289 702 4350 si
736 4290 807 4368 quid
841 4289 1015 4349 mutandum
1049 4296 1107 4364 est,
1143 4292 1244 4368 potius

116 4393 254 4456 deleatur
279 4391 384 4472 „qui“;
408 4414 476 4452 nam
499 4391 698 4474 hoc'quidem
720 4399 852 4470 apparet,
877 4394 1034 4452 sententiae
1059 4411 1146 4452 causa
1172 4389 1241 4466 „ut“
