2956 5018
627 481 764 536 Asinaria

605 671 784 738 Leonida

1004 752 1075 820 Une
1097 761 1146 820 te:

111 861 191 929 Tibi
214 866 356 952 quidem
378 865 582 951 supplicium,
605 864 770 945 carnusex,
792 864 834 930 de
856 861 960 944 nobie,
984 861 1105 928 detur?

592 995 796 1062 Mercator

1030 1077 1138 1162 Atque
1161 1077 1261 1144 etiam

109 1185 180 1253 Pro
194 1189 300 1256 dictis
310 1192 436 1257 nostrie
447 1189 616 1256 maledicis
626 1209 752 1274 poenae
765 1188 952 1274 pendentur
969 1185 1049 1252 mihi
1065 1182 1189 1268 hodie]
1208 1193 1261 1246 480

602 1319 784 1386 Leonida

112 1401 220 1487 Quid,
245 1406 413 1474 cerbero?

593 1513 796 1580 Mercator

418 1622 482 1688 Ain
503 1628 550 1705 tu,
571 1621 730 1688 furcifer?

602 1751 783 1818 Leonida
1279 1835 1283 1840 Ι

736 1857 839 1924 Erum
860 1879 912 1922 me
933 1855 1074 1940 fugitare
1096 1857 1232 1924 censes?

115 1963 136 2030 1
158 1967 340 2035 nunciam
361 1968 406 2033 ad
427 1989 534 2050 erum,
557 1988 622 2052 quo
644 1987 761 2047 uocas,
783 1967 851 2031 iam
873 1965 996 2032 dudum
1018 1985 1084 2049 quo
1111 1964 1257 2032 uolebas.

593 2075 798 2140 Mercator

117 2181 223 2250 Nunc
249 2184 403 2250 demum?
435 2183 559 2250 Tamen
585 2203 765 2268 numquam
791 2181 869 2246 hinc
895 2179 982 2247 seres
1009 2182 1138 2266 argenti
1165 2203 1258 2248 num-

848 2311 946 2371 mum,
968 2290 1106 2356 nisime

121 2397 217 2466 Dare
236 2399 373 2466 iusserit
393 2391 623 2466 Demaenetus.

603 2506 784 2572 Leonida

643 2614 697 2678 Ita
717 2613 835 2695 iaoito;
858 2634 919 2697 age
941 2614 1076 2682 ambula
1098 2637 1186 2700 ergo.

127 2724 178 2790 Tu
198 2701 431 2792 contumeliam
452 2723 552 2788 alteri
573 2721 686 2803 iacias,
709 2723 772 2788 tibi
793 2743 859 2788 non
882 2721 1036 2789 dicatur?
1207 2725 1259 2778 485

128 2831 208 2899 Tam
229 2853 291 2916 ego
313 2831 412 2897 homo
433 2853 505 2897 snm
528 2851 626 2918 quam
645 2838 691 2896 tu.

592 2939 795 3004 Mercator

695 3047 830 3114 Scilicet
850 3049 899 3113 ita
918 3068 972 3113 res
995 3054 1054 3113 eet.

603 3154 783 3222 Leonida

918 3262 1061 3347 Sequere
1083 3261 1147 3328 hac
1169 3283 1257 3346 erqo.

128 3369 319 3438 Praefiaoini
338 3370 402 3436 hoc
424 3391 510 3436 nunc
534 3371 685 3453 dixerim3
707 3392 804 3437 nemo
826 3373 928 3438 etiam
949 3393 1001 3438 me
1024 3372 1196 3437 accusauit

127 3479 245 3548 Merite
267 3500 351 3560 meo,
372 3499 479 3564 neque
501 3501 553 3546 me
576 3480 661 3545 alter
683 3485 734 3545 est
754 3479 890 3546 Athenio
912 3479 1011 3546 hodie
1034 3481 1215 3565 quisquam,

129 3589 211 3670 Quoi
233 3587 325 3654 credi
346 3593 437 3654 recte
460 3609 566 3674 aeque
589 3595 714 3673 putent.

591 3695 797 3761 Mercator

724 3803 903 3884 Fortassie;
926 3801 985 3868 sed
1006 3806 1118 3867 tamen
1140 3823 1192 3868 me

127 3913 313 3998 Numquam
343 3909 443 3976 hodie
475 3910 612 3976 induces
644 3917 682 3978 ut
713 3913 776 3978 tibi
809 3909 941 3977 credam
979 3909 1043 3976 hoc
1084 3915 1258 3996 argentum

846 4019 970 4102 ignoto.
1206 4019 1259 4072 490

193 4276 246 4328 480
262 4227 421 4328 maledictis
488 4275 539 4328 481
558 4289 636 4328 erum
653 4278 766 4328 nosmet
829 4275 882 4328 482
895 4273 931 4328 Ei
995 4277 1048 4330 487
1065 4271 1208 4329 Perfioiroi
1225 4273 1257 4328 ni

129 4359 178 4414 488
194 4359 313 4415 Athenin
329 4360 405 4414 alter
422 4361 466 4412 eet
