2992 5054
122 514 157 583 Π,
170 518 195 582 2,
208 516 347 569 lle-129
600 511 777 582 Amphitruo.

581 703 799 768 Alcumena
812 730 816 740 ·

120 811 240 876 Mirum
264 812 344 896 quin
365 802 400 876 te
423 811 584 876 aduersus
607 811 705 876 dicat.

571 919 807 1004 Amphitruo

719 1027 821 1109 Sosia,
844 1048 904 1110 age
928 1049 978 1092 me
1002 1029 1066 1093 huc
1088 1028 1207 1112 aspice.

630 1136 746 1203 Sosia

120 1221 248 1306 Specto.

568 1308 807 1392 Amphitruo

268 1414 359 1480 Uera
380 1415 456 1480 uolo
471 1416 570 1510 'loqui
592 1424 635 1496 te,
657 1417 734 1481 nolo
757 1415 926 1480 adsentari
948 1415 1037 1480 mihi.

119 1523 309 1590 Audiuistin
331 1532 367 1589 tu
389 1523 486 1588 hodie
505 1546 556 1589 me
573 1524 622 1589 illi
639 1524 805 1590 dicere-ea
822 1545 907 1608 quae
924 1524 983 1588 illa
1000 1524 1172 1588 autumat?
1200 1532 1251 1586 '745
1313 1521 1318 1528 ’

630 1632 745 1698 Sosia

119 1739 248 1818 Quaeso
272 1740 405 1824 edepol,
427 1763 506 1805 num
528 1748 564 1806 tu
587 1762 717 1825 quoque
740 1742 840 1806 etiam
862 1742 996 1818 insania,
1021 1761 1120 1824 quom
1142 1739 1175 1804 id
1198 1761 1250 1805 me

840 1841 1033 1932 interrogas,

119 1955 180 2034 Qui
190 1959 285 2041 ipsus
299 1958 451 2042 equidem
461 1979 548 2024 nune
559 1960 700 2049 primum
711 1959 818 2023 istanc
829 1965 938 2024 tecum
950 1958 1115 2041 conspicio
1133 1955 1250 2022 simul?

569 2079 807 2168 Amphitruo

120 2189 205 2266 Quid
225 2212 326 2271 nunc,
349 2191 486 2257 mulier?
508 2191 616 2257 Audin
638 2193 756 2259 illum?

578 2323 799 2391 Alcumena

762 2433 833 2517 Ego
847 2453 936 2512 nere,
948 2451 988 2497 ac
998 2429 1118 2496 falsum
1131 2429 1249 2495 dicere.

569 2563 808 2648 Amphitruo

121 2669 233 2755 Neque
256 2677 295 2736 tu
314 2671 367 2736 'illi
389 2694 494 2757 neque
517 2673 597 2738 mihi
618 2675 691 2739 uiro
714 2676 779 2759 ipsi
802 2672 932 2738 credis?

481 2827 485 2832 ’
579 2804 798 2870 Alcumena

943 2889 992 2954 Eo
1011 2889 1057 2969 fit,
1078 2890 1156 2973 quia
1172 2887 1251 2953 mihi

121 2993 312 3062 Plurumum
331 2997 428 3063 credo
447 3006 480 3064 at
497 2999 564 3064 seio
579 3000 684 3064 istaec
694 2997 782 3064 facta
794 2997 931 3081 proinde
942 3005 980 3062 ut
991 2997 1180 3081 proloquor.
1200 3005 1252 3058 750

570 3130 807 3213 Amphitruo

123 3231 193 3298 Tun
213 3247 267 3300 'me
290 3234 361 3300 heri
383 3235 556 3302 aduenisse
581 3237 686 3302 dicis?

580 3368 811 3443 Alcumena,

682 3475 754 3541 Tun
765 3483 798 3542 te
812 3473 920 3540 abisse
931 3474 1029 3540 hodie
1040 3473 1116 3539 hinc
1126 3474 1251 3556 negas?

569 3606 805 3690 Amphitruo

125 3705 212 3792 Nego
230 3711 396 3779 enimuero
415 3721 448 3779 at
460 3735 512 3780 me
524 3713 679 3780 aduenire
691 3733 778 3778 nunc
789 3713 930 3798 primum
942 3713 995 3778 aio
1007 3712 1095 3777 adte
1108 3711 1249 3777 domum.

581 3844 797 3910 Alcumena

128 3940 277 4029 Obsecro,
301 3950 443 4016 etiamne
464 3951 528 4019 hoc
549 3952 694 4035 negabis,
716 3959 749 4017 te
771 3973 907 4017 auream
929 3957 1080 4036 pateram
1102 3949 1181 4017 mihi

127 4047 259 4121 Dedisse
283 4057 368 4122 dono
392 4057 497 4139 hodie,
521 4065 642 4142 quate
664 4059 713 4124 illi
735 4058 891 4126 donatum
914 4081 984 4126 esse
1008 4059 1159 4125 dixeras?

127 4221 327 4236 Ἢ-

192 4310 242 4364 747
267 4311 344 4380 ipsos
396 4311 451 4364 ista
476 4329 512 4364 ne
581 4313 632 4367 748
659 4311 711 4381 Qui
781 4315 901 4368 'tea-49
927 4313 989 4382 Ego
1085 4311 1176 4367 credis
1198 4329 1248 4369 cm.

125 4403 167 4456 pr.
185 4410 254 4451 mon.
309 4397 361 4450 750
378 4395 433 4450 ista
450 4396 501 4450 hee
553 4399 604 4452 752
622 4399 760 4452 aduenere
