2956 5018
565 476 775 549 Prolegomena.
1175 487 1233 551 157

105 667 153 725 ire
175 668 209 726 in
233 670 376 730 miniatis
398 671 508 730 litteris
536 671 670 754 delendis
697 673 814 733 felicior
840 692 931 751 quam
959 675 991 733 in
1016 675 1089 734 atris
1111 677 1237 754 spongIa

89 767 239 829 diluentis
269 772 343 832 fnit.
389 772 502 832 Verum
532 774 595 834 bisc
628 775 742 849 omnia,
775 780 810 835 ut
842 775 918 850 dixi,
948 775 1022 835 satis
1048 777 1235 852 monstrabit,

87 888 182 947 quum
204 873 376 949 prodierit,
400 873 610 936 Studemundii
631 876 735 935 editio.

174 973 289 1034 (lodex
315 982 425 1038 retus
447 977 651 1038 camerarii
676 976 744 1054 (B),
766 998 856 1057 quem
876 985 948 1058 post
968 981 1032 1039 eina
1054 985 1182 1039 mortem
1203 981 1237 1040 in

84 1072 266 1136 Palatinam
296 1078 511 1138 bibliothecam
539 1083 710 1158 penenime
738 1081 880 1156 diximus,
909 1081 980 1142 inde
1006 1083 1039 1141 in
1060 1081 1236 1142 Vaticanum

85 1176 245 1254 migravit,
271 1180 328 1240 ubi
350 1182 519 1240 etiamnunc
541 1189 680 1244 servatur
695 1184 775 1243 inter
790 1183 945 1243 Palatinos
962 1203 992 1242 n.
1014 1184 1105 1244 1615.
1139 1184 1236 1244 Huius

84 1275 157 1336 libri
186 1287 310 1357 prester
337 1283 488 1344 Pareanas
522 1289 553 1343 et
580 1285 775 1346 Gruterianae
803 1286 905 1363 copiae
934 1286 965 1344 in
993 1303 1099 1345 norem
1126 1285 1236 1346 fabulis

84 1377 255 1442 Ritscbelii
279 1385 440 1445 collatione
462 1407 534 1446 usus
555 1407 630 1461 sum,
648 1388 679 1446 in
695 1387 878 1448 Truculento
889 1387 1049 1465 Spengelii,
1072 1388 1105 1446 in
1128 1388 1236 1447 ceteris

85 1499 163 1542 mea.
200 1485 458 1548 Membranaceus
480 1495 527 1548 est
548 1489 651 1548 formae
668 1491 813 1562 maximae,
832 1489 941 1549 seculo
958 1489 1003 1548 XI
1020 1492 1159 1566 scriptus,
1183 1489 1237 1548 sed
1282 1531 1288 1545 .

84 1603 147 1643 non
171 1586 290 1648 eadam
311 1608 410 1648 manu.
456 1589 652 1650 Describendi
680 1611 769 1670 opero
798 1593 879 1650 inter
906 1591 1006 1667 plures
1035 1591 1146 1666 diviso,
1170 1611 1236 1669 quse

84 1687 167 1760 rarii
190 1689 320 1750 librarii
347 1691 541 1769 scripserant,
570 1695 603 1752 in
629 1713 722 1752 unum
749 1695 877 1753 collecta
903 1697 983 1752 sunt.
1028 1693 1064 1752 In
1085 1695 1236 1772 principio

85 1786 160 1846 libri
185 1790 345 1863 Querulus
374 1793 509 1866 additur,
539 1815 629 1872 quam
651 1795 783 1855 fabulam
803 1815 896 1874 prosa
918 1796 1056 1856 oratione
1078 1796 1118 1854 ad
1138 1797 1236 1854 imita·

85 1891 213 1952 tionem
236 1895 405 1954 Aulularia
432 1897 540 1956 ultimo
568 1897 631 1956 iere
660 1897 849 1975 antiquitatis
876 1897 986 1957 sueno
1009 1899 1150 1977 scriptam
1172 1917 1237 1960 esee

89 2001 232 2070 constat3
256 1995 422 2057 Vidnlaria
443 1999 551 2058 titulus
569 1999 650 2058 solus
668 2004 761 2058 extat.
795 1998 896 2058 Codex
912 2003 1020 2077 utpote
1036 2001 1128 2060 variis
1144 2002 1236 2060 meni-

88 2094 148 2154 bus
162 2101 304 2176 scriptus
322 2119 414 2176 quum
429 2099 580 2159 interdum
598 2101 726 2179 speciem
743 2101 877 2180 praebeat
887 2099 1047 2160 admodum
1059 2103 1235 2177 elegantem,

90 2197 282 2278 plerumque
310 2203 404 2279 magis
431 2203 512 2262 lectu
539 2203 637 2262 iacilis
664 2223 754 2281 qnam
780 2203 1006 2281 pulchritudine
1032 2204 1158 2279 insignis
1181 2209 1236 2264 eat.

89 2297 189 2360 Modo
209 2303 280 2362 laxe
303 2304 435 2381 scriptus
458 2309 513 2378 est,
535 2309 571 2364 ut
593 2306 691 2382 spatio
712 2325 774 2366 non
795 2309 947 2384 parcatur,
970 2307 1060 2366 modo
1081 2326 1184 2384 presse
1207 2313 1239 2366 et

92 2404 225 2464 minutis
253 2405 374 2464 litteris.
418 2405 455 2464 In
482 2407 630 2466 eiusmodi
661 2408 737 2468 locis
769 2427 831 2467 non
859 2427 929 2466 raro
956 2406 1004 2482 fit,
1032 2413 1069 2468 ut
1096 2413 1150 2468 aut
1177 2409 1236 2470 duo

93 2523 209 2566 versos
236 2527 300 2567 una
325 2508 406 2566 linea
432 2508 739 2587 comprehendantur,
768 2513 821 2569 ant
845 2509 956 2589 pagina
976 2511 1008 2569 in
1031 2511 1103 2570 dues
1125 2511 1237 2570 colum·

96 2625 153 2667 nas
184 2609 356 2683 dividatur,
384 2610 418 2668 id
444 2611 528 2688 quod
549 2631 577 2670 v.
601 2631 626 2670 c.
655 2613 687 2670 in
708 2611 846 2671 Rudente
873 2631 1010 2689 magnam
1042 2617 1159 2690 partem
1191 2610 1235 2672 fit.

97 2708 246 2771 Getarum
267 2731 372 2772 versus
392 2712 572 2791 plerumque
594 2717 732 2772 accurate
754 2713 987 2792 distinguuntur,
1012 2733 1045 2773 ac
1069 2713 1237 2791 siquando

98 2809 223 2892 longior
244 2833 349 2872 versus
371 2815 403 2872 in
424 2815 592 2893 proximam
614 2815 723 2874 lineam
744 2816 862 2890 transit,
879 2815 1057 2894 plerumque
1074 2817 1238 2876 maiuscula

99 2911 207 2975 littera
229 2935 295 2974 rem
316 2915 446 2990 indicat,
469 2935 538 2974 nam
561 2935 663 2976 omnes
684 2935 788 2976 versus
810 2937 828 2975 a
849 2917 1011 2976 maioribus
1032 2918 1143 2977 litteris
1164 2919 1237 2976 inei·
1258 2915 1261 2920 ’

101 3017 202 3091 piunt.
228 3016 424 3096 -Singulis
452 3020 550 3077 scenis
576 3037 772 3096 personarum
798 3020 921 3078 nomina
942 3021 1147 3098 superscripta
1168 3023 1239 3078 sunt

101 3117 205 3178 rubris
227 3118 349 3178 litteris.
394 3119 464 3179 Haec
486 3123 593 3198 postea
614 3119 719 3178 addita
740 3125 824 3192 eunt,
848 3140 901 3179 nec
924 3121 1051 3182 fortasse
1073 3121 1112 3180 ab
1134 3121 1238 3180 eodem

102 3218 245 3295 librario,
275 3223 306 3280 in
334 3220 452 3280 Poennli
479 3221 600 3299 quidem
631 3223 734 3299 priore
766 3227 854 3300 parte
888 3241 1086 3300 personarum
1116 3224 1239 3282 nomina

103 3323 197 3384 rubro
223 3323 321 3381 colore
343 3323 440 3382 scenis
460 3325 637 3401 praecripta
658 3328 738 3396 sunt,
761 3324 815 3382 sed
837 3324 940 3382 eadem
961 3326 1022 3384 iam
1041 3329 1131 3384 antea
1146 3325 1238 3383 libra·

104 3427 168 3485 rius
190 3429 362 3484 atramento
385 3425 546 3502 scripserat
567 3430 664 3504 poetae
685 3424 786 3484 verbis
809 3427 991 3498 continuata,
1015 3427 1101 3503 quasi
1124 3431 1155 3484 et
1171 3427 1239 3503 ipsa

104 3545 210 3586 versus
239 3531 292 3585 aut
318 3545 421 3586 versus
447 3532 550 3603 partes
577 3531 684 3586 essent.
729 3527 788 3584 Per
820 3528 900 3605 ipsas
934 3546 1037 3586 scenas
1070 3527 1102 3584 in
1133 3527 1239 3604 primis

104 3627 218 3687 fabulis
250 3647 446 3706 personarum
485 3629 608 3688 nomina
639 3629 731 3687 rubro
764 3628 864 3688 colora
896 3631 928 3686 in
960 3629 1094 3704 margine
1126 3629 1240 3706 scripta

105 3735 185 3803 sunt,
210 3734 272 3802 eut,
295 3730 349 3788 ubi
371 3730 468 3788 oratio
490 3731 522 3788 in
544 3729 644 3789 medio
664 3749 753 3788 versu
776 3725 891 3808 incipit,
915 3731 947 3787 iu
970 3747 1005 3786 eo
1027 3731 1135 3807 spatio,
1159 3729 1240 3806 quod

105 3833 250 3892 librarius
271 3833 451 3909 reliquerat3
474 3830 528 3890 sed
550 3833 582 3890 in
603 3831 691 3909 longe
712 3831 865 3909 plerisque
882 3830 992 3889 fabulis
1009 3849 1075 3890 eam
1091 3833 1239 3890 rationem

105 3932 249 3992 librarius
271 3939 389 3992 secutus
412 3937 466 4006 est,
491 3952 557 4009 quas
578 3933 678 4010 vulgo,
702 3934 793 3991 etiam
815 3934 846 3990 in
868 3932 1002 3991 Terentii
1024 3931 1185 4007 codicibus,
1207 3932 1239 3991 in

107 4055 163 4094 usu
186 4040 267 4108 erat,
296 4040 333 4092 ut
359 4034 484 4112 singulis
513 4035 622 4093 litteris
644 4053 777 4112 persona
800 4036 999 4111 signarentur.
1043 4033 1098 4093 Ha
1120 4053 1239 4112 quoque

109 4135 215 4210 rubro,
244 4139 407 4214 postquam
434 4142 534 4194 cetera
561 4137 673 4212 scripta
700 4141 800 4208 erant,
831 4135 1032 4209 addebantur,
1062 4156 1117 4194 neo
1144 4138 1239 4214 priori

110 4235 232 4296 librario
263 4237 347 4295 aliud
374 4237 538 4296 curandum
566 4243 646 4312 erat,
675 4258 764 4314 quam
785 4243 820 4296 ut
841 4239 902 4296 suis
924 4236 999 4296 locis
1023 4239 1121 4316 spatia
1144 4257 1240 4298 vacua

109 4339 301 4416 relinqueret.
336 4337 421 4410 Quod
437 4357 487 4398 eos
503 4359 563 4398 non
579 4358 741 4416 numquam
759 4345 812 4398 aut
833 4340 954 4400 omnino
976 4360 1037 4399 non
1058 4339 1164 4398 fecisse
1186 4345 1240 4399 aut
