2956 5018
248 513 308 576 162
702 509 914 580 Prolegomena

330 703 389 764 Sed
411 721 503 780 quum
524 703 571 762 bis
594 703 780 764 documentis
798 711 950 784 appareat,
969 705 1184 766 recentioribus
1202 704 1400 764 urceorum

244 807 394 868 comoediis
424 825 503 883 saepe
531 807 671 884 prologos
698 809 866 884 praemissos
894 809 999 880 fuisse,
1028 813 1093 866 turn
1121 809 1245 868 minime
1275 827 1399 868 neces-

244 913 356 972 sarium
372 909 430 970 fuit
445 909 506 969 telo
523 909 768 970 additamentum.
798 911 883 983 Quod
900 911 972 972 olim
989 911 1151 989 placuerat,
1169 917 1204 970 ut
1220 917 1400 990 spectator

243 1015 344 1074 statim
372 1013 410 1072 ab
437 1015 522 1072 initio
550 1015 582 1072 in
608 1013 722 1074 medias
749 1033 797 1074 res
824 1019 996 1091 raperetur,
1024 1011 1057 1074 id
1078 1034 1197 1092 semper
1218 1015 1396 1092 placebat;

244 1122 335 1195 atque
357 1118 458 1190 etiam,
480 1116 532 1176 ubi
554 1121 760 1195 argumentum
782 1117 964 1196 implicatior
985 1122 1076 1195 poeta
1097 1123 1233 1178 accurate
1258 1123 1396 1196 specta·

244 1221 360 1280 toribus
388 1220 536 1297 explicare
564 1239 684 1280 necesse
711 1219 871 1294 habuerat,
899 1219 956 1278 hoc
982 1221 1134 1281 interdum
1162 1240 1221 1281 non
1249 1222 1282 1280 in
1313 1219 1395 1298 ipae
1436 1277 1438 1280 .

243 1325 390 1402 principio
413 1323 520 1382 fabula
543 1323 654 1382 iactum
677 1328 735 1395 est,
766 1322 819 1382 scd
845 1343 937 1400 quum
965 1324 1063 1402 prima
1091 1343 1179 1384 socna
1206 1324 1239 1383 id
1265 1343 1393 1402 propo-

244 1428 334 1486 situm
356 1426 523 1499 habuisset,
552 1431 588 1486 ut
614 1445 823 1504 personarum,
854 1445 920 1504 quae
947 1427 1106 1506 precipue
1129 1431 1228 1500 erant,
1252 1427 1393 1503 ingenia

243 1533 275 1590 et
302 1549 402 1588 mores
434 1548 524 1606 quam
557 1531 684 1588 maxime
717 1529 848 1589 dilucide
880 1529 1100 1607 spectatoribus
1134 1529 1388 1602 ostenderentur,

243 1632 299 1692 bac
332 1631 451 1690 demum
484 1630 568 1690 finita
601 1638 809 1706 argumentum
842 1633 1024 1710 explicatum
1060 1637 1114 1692 cst.
1170 1633 1222 1692 Fit
1253 1631 1313 1692 boc
1351 1620 1388 1690 in

243 1735 345 1795 Plauti
360 1733 484 1794 Milite
502 1735 685 1810 glorioso,
704 1737 788 1796 cuius
804 1737 902 1813 prima
919 1756 1008 1796 scena
1028 1735 1244 1814 perridicnlum
1267 1735 1386 1794 militis

243 1843 274 1897 et
294 1838 421 1914 parasiti
443 1838 626 1914 colloquium
647 1838 753 1913 babet,
783 1838 912 1898 secunda
939 1859 1057 1898 servum
1085 1837 1205 1898 exbibet
1231 1840 1265 1898 in
1288 1857 1385 1898 enar·

243 1939 337 2000 rando
371 1945 548 2028 argumento
580 1941 698 2019 prologi
731 1941 867 2019 partibus
896 1942 1088 2018 fungentem
1115 1939 1152 2000 fit
1178 1942 1211 2000 in
1238 1939 1384 2000 Cistel-

242 2044 353 2116 laria,
376 2042 428 2102 ubi
449 2044 602 2120 premisso
624 2045 744 2122 egregio
767 2044 914 2122 colloquio
936 2045 1106 2123 puellarum
1128 2044 1239 2104 diversi
1260 2043 1382 2122 ingenii

243 2151 275 2204 ct
301 2145 375 2206 lente
403 2152 468 2206 tum
496 2145 616 2206 demum
637 2147 792 2207 Auxilium
821 2148 876 2208 dea
902 2149 1020 2225 prologi
1047 2168 1130 2209 more
1163 2121 1382 2225 argumentum

241 2248 349 2308 fabulo
371 2249 502 2326 exponit.
537 2249 670 2321 Quorum
692 2257 854 2328 utrumque
877 2252 949 2329 quin
966 2271 1003 2310 ex
1019 2250 1130 2312 Grecis
1152 2249 1381 2328 exemplaribus

241 2351 376 2426 fluxerit,
410 2371 470 2412 non
499 2358 546 2410 cst
574 2353 654 2430 quod
682 2353 868 2427 dubitemus,
901 2355 974 2432 quin
1006 2355 1129 2431 praeisse
1160 2353 1230 2412 huic
1262 2353 1381 2412 rationi

242 2455 372 2532 quodam
399 2455 488 2514 modo
509 2455 663 2533 Euripidis
685 2457 872 2535 Iphigeniam
892 2456 1088 2518 Aulidensem
1117 2457 1154 2516 ab
1183 2456 1249 2516 aliis
1277 2457 1379 2514 anim·

243 2557 400 2618 adversum
423 2563 477 2617 est.

328 2659 527 2720 Menandrum
550 2666 580 2720 et
601 2662 731 2740 aquales
752 2682 815 2722 eros
837 2668 957 2722 secutus
972 2661 1097 2722 Plautus
1114 2679 1233 2739 quoqne
1254 2659 1380 2738 prologi

242 2767 343 2840 partes
372 2767 426 2822 aut
452 2763 508 2824 deo
537 2765 625 2824 alicui
646 2765 768 2840 tribuit,
791 2771 826 2826 ut
846 2767 878 2824 in
900 2766 1101 2826 Aulularia
1122 2765 1194 2826 Lari
1221 2763 1377 2836 familiari,

242 2867 274 2924 in
296 2863 466 2926 Rudente
483 2867 622 2941 Arcturo,
646 2870 677 2928 in
694 2869 907 2930 Trinummo
926 2869 1067 2929 Luxuriae
1089 2887 1156 2928 cunr
1178 2865 1241 2926 filia
1256 2865 1377 2942 Inopia,

244 2973 296 3029 aut
316 2969 369 3028 nni
391 2989 428 3028 ex
449 2968 557 3060 fabular
578 2972 726 3047 personis,
750 2973 838 3030 utin
859 2971 1071 3032 Mercatore
1099 2969 1298 3042 adulescenti,
1322 2973 1379 3028 aut

242 3071 381 3130 histrioni
413 3077 509 3149 poetae
542 3075 661 3134 nomine
693 3080 877 3151 spectatores
905 3074 1087 3152 alloquenti,
1116 3079 1152 3133 ut
1178 3075 1211 3132 in
1237 3072 1377 3130 Truen-

242 3173 360 3247 lento;
389 3193 492 3234 rerum
508 3193 652 3254 vpersaepe
679 3177 762 3237 nullo
790 3177 916 3254 prologo
945 3197 1016 3237 usus
1044 3167 1174 3236 viditur.
1219 3173 1280 3234 Sed
1308 3172 1375 3250 pla·

243 3277 338 3336 coisse
360 3277 503 3336 Romanis
530 3279 748 3355 spectatoribus
774 3279 896 3340 videtur
924 3281 986 3340 eius
1014 3280 1096 3340 modi
1123 3279 1282 3351 allocutio,
1313 3296 1376 3353 qua

242 3379 373 3439 savorem
395 3385 486 3456 poeta
507 3380 564 3440 sibi
585 3382 745 3442 conciliare
762 3383 897 3442 studeret
913 3387 1028 3443 etcum
1047 3382 1247 3461 presentibus
1263 3381 1375 3440 festive

242 3483 464 3560 colloqueretur
496 3489 527 3542 et
554 3485 667 3562 populo
689 3484 823 3545 Romano
855 3485 932 3546 bene
963 3491 1145 3564 precaretur.
1190 3484 1308 3546 Sensim
1338 3502 1374 3541 eo

242 3586 387 3664 perducta
414 3591 459 3646 cst
485 3607 548 3662 res,
577 3593 612 3646 ut
638 3589 722 3646 nulla
754 3589 816 3648 iere
845 3589 947 3648 sabula
976 3589 1040 3648 sine
1067 3589 1191 3668 prologo
1217 3591 1373 3662 ageretur.

243 3688 414 3748 Terentium
451 3689 600 3763 videmus,
641 3692 778 3768 quamvis
814 3693 1003 3751 narrationes
1044 3691 1211 3770 argumenti
1249 3691 1373 3750 inutiles

227 3791 380 3869 duceret,
415 3797 516 3852 tamen
548 3793 680 3871 prologis
712 3812 798 3853 usum
832 3815 913 3868 esse,
947 3799 982 3854 ut
1010 3801 1211 3883 spectatorum
1243 3795 1373 3872 gratiam

243 3899 379 3971 captaret
406 3899 437 3953 et
464 3915 495 3954 se
522 3896 587 3972 ipso
610 3896 647 3955 ab
669 3897 797 3956 inimicis
824 3896 1012 3971 defenderet3
1037 3897 1093 3956 soli
1115 3897 1253 3974 Hecyra,
1278 3916 1372 3975 quum
1433 3959 1435 3963 .

242 3997 371 4073 primum
395 4001 461 4056 acta
483 4003 541 4071 est,
565 3999 707 4075 prologus
728 3999 839 4074 defuit;
863 4005 893 4060 et
914 4001 1020 4060 ceteris
1044 4005 1076 4059 et
1097 4000 1165 4060 huic
1187 3999 1254 4077 ipsi,
1279 4019 1372 4076 quum

242 4101 352 4159 iterum
381 4103 412 4157 et
438 4101 558 4160 tertium
584 4102 681 4161 relata
708 4108 768 4176 est,
797 4103 917 4181 prologi
945 4103 1041 4163 additi
1063 4107 1141 4163 sunt.
1185 4102 1248 4162 Hos
1272 4107 1371 4162 autem

241 4202 381 4278 prologos
408 4221 469 4261 non
496 4219 555 4262 uno
583 4204 683 4282 aliqua
705 4225 741 4263 ox
763 4207 897 4283 personis
919 4205 1027 4266 fabula
1053 4227 1110 4265 nec
1137 4206 1211 4265 deus
1239 4207 1370 4264 omnium

242 4325 342 4363 rerum
371 4325 481 4382 gnarus
509 4307 736 4383 pronuntiabat,
771 4307 824 4366 sed
857 4308 964 4368 histrio
998 4310 1113 4369 iuvenis
1146 4309 1208 4368 fere
1242 4310 1369 4386 speciem

243 4423 349 4482 gerens
372 4405 412 4482 (v.
426 4408 492 4466 Ter.
505 4408 613 4467 Heaut.
632 4406 661 4483 1)
685 4413 716 4466 et
739 4409 779 4467 ad
799 4409 876 4468 hanc
898 4411 994 4487 ipsam
1016 4433 1079 4472 rem
1101 4416 1233 4485 ornatus,
1256 4431 1285 4472 v.
1302 4412 1369 4471 Ter.
