2992 5054
105 516 139 582 ΙΙ,
154 517 178 582 2,
190 515 297 568 06-77
584 512 759 581 Amphitruo.
1196 515 1237 574 43

566 701 784 767 Alcumena
906 707 909 714 ’

105 813 268 896 Equidem
291 817 420 876 ecastor
439 811 540 894 uigilo
557 815 591 875 et
608 809 748 894 uigilans
763 811 798 874 id
816 809 904 895 quod
920 807 1076 874 factumst
1092 807 1237 887 fabulor3

105 921 188 985 Nam
211 920 337 986 dudum
360 935 436 985 aute
458 918 566 984 lucam
589 925 623 982 et
644 919 751 983 istunc
775 925 807 984 at
828 925 861 984 tc
884 917 962 982 uidi.

554 1025 793 1112 Amphitruo

966 1110 1037 1187 Quo
1059 1111 1092 1174 in
1115 1109 1209 1175 loco?

569 1221 784 1288 Alcumena

105 1333 166 1398 Hic
189 1334 225 1398 in
249 1330 398 1412 aedibus
421 1331 479 1397 ubi
499 1338 536 1396 tn
557 1330 698 1396 habitas.

556 1438 794 1525 Amphitruo
872 1461 877 1468 ·

695 1550 881 1635 Numquam
903 1547 1067 1614 factumst.

619 1657 735 1724 Sosia

1032 1741 1106 1808 Non
1125 1743 1239 1808 taces?

107 1853 198 1934 Quid,
222 1855 251 1920 si
277 1875 294 1918 c
316 1860 414 1937 portu
437 1855 532 1918 nauis
554 1852 618 1917 huc
641 1873 700 1918 nos
722 1852 914 1918 dormientis
938 1851 1078 1917 detulit?

511 1967 522 1984 ⁶
555 1984 794 2067 Amphitruo

107 2093 215 2160 Etiam
237 2101 278 2160 tu
300 2115 431 2179 quoquc
454 2093 639 2158 adsentaris
660 2092 791 2172 haine?-

617 2223 732 2290 Sosia

789 2331 875 2410 Quid
897 2333 948 2398 uis
969 2329 1063 2398 ficri?
1188 2339 1239 2394 695

107 2441 178 2507 Non
200 2449 238 2508 tu
265 2443 338 2522 scis,
362 2441 512 2506 Bacchas
534 2439 710 2507 bacchanti
733 2441 867 2507 sinclis
891 2441 1109 2521 aduorsarisr‚

109 2549 156 2614 Ex
176 2552 297 2616 insana
317 2551 515 2617 insaniorem
536 2548 648 2630 facies,
671 2549 768 2616 feriat
789 2550 935 2634 saepius3

111 2656 144 2723 Si
165 2661 362 2744 obsequars,
386 2679 452 2724 una
473 2659 621 2724 resoluas
643 2656 764 2742 plaga?

558 2766 795 2850 Amphitruo

780 2877 825 2941 At
846 2876 903 2961 pol
926 2877 982 2961 qui
1005 2883 1171 2941 certares

50 3045 51 3050 ,
110 2983 202 3049 Hanc
225 2992 278 3051 ast
301 2984 484 3068 obiurgare,
508 3006 593 3070 quac
616 3006 667 3049 me
690 2984 788 3052 hodia
812 2985 1041 3050 aduenientem
1064 2985 1195 3049 domum

111 3091 260 3160 Noluerit
282 3093 436 3160 salutare.

618 3201 733 3268 Sosia

451 3309 608 3375 Inn'tabis
631 3310 820 3378 crabrones.
901 3351 905 3359 ι

508 3504 510 3509 .
559 3417 795 3503 Amphitruo

839 3527 935 3594 Tace.
1188 3525 1241 3577 '¹⁰⁰
1336 3598 1340 3606 ,

116 3631 297 3716 Alcumena,
319 3659 420 3702 unum
442 3657 559 3720 rogare
581 3645 614 3702 te
637 3637 723 3702 uolo.

462 3733 466 3742 ’
569 3745 786 3832 Alcumena

572 3840 574 3844 ¹
748 3854 885 3932 Quiduis
906 3873 996 3936 roga.

558 3960 795 4046 Amphitruo
942 4051 944 4055 .

117 4063 195 4133 Num
218 4069 280 4136 tibi
302 4077 360 4136 aut
381 4071 523 4136 stultitia
546 4071 687 4135 accessit
709 4077 767 4136 aut
789 4077 926 4154 superat
948 4069 1125 4154 superbia?

117 4219 164 4231 ξ

180 4327 229 4381 096
246 4327 311 4381 huic
363 4330 415 4383 098
433 4327 570 4396 obsequar
586 4325 684 4381 sanare
702 4329 799 4382 sclusa
851 4330 903 4382 700
919 4327 1055 4381 crabonas
1107 4325 1240 4394 '701quid

119 4407 157 4460 uis
173 4428 272 4482 rogare
288 4430 358 4481 roga
409 4417 461 4468 ⁷02
478 4413 558 4470 Nunc
