2960 5038
576 494 774 552 vase-con
1177 501 1241 564 255

84 689 126 747 ed
148 692 266 750 istunc
292 695 381 752 usust
402 691 579 767 conscriptis
601 687 754 749 modum“.
800 689 865 752 Ges.
892 693 968 750 124:
996 697 1043 764 „te
1067 690 1242 767 adgerunda

84 811 221 852 cnruom
262 813 349 870 aqua
377 790 514 852 facicm“.
559 793 624 852 Mil.
650 794 727 852 859:
748 792 828 866 ,Ne
855 792 994 852 dixeritis
1023 794 1145 854 obsecro
1171 794 1242 853 hnic

82 901 235 955 nostrum
262 891 388 955 fidem“.
424 893 497 954 ibin
522 897 593 954 953.
620 897 711 954 1102.
745 895 826 956 Poen.
852 897 928 955 376:
955 896 1052 969 „Noui
1075 915 1131 972 ego
1153 897 1242 956 huius

83 1017 191 1057 mores
229 999 353 1058 morosi
385 996 510 1058 malos“.
560 997 648 1058 Truc.
673 999 750 1058 844:
788 1017 902 1071 ,meum
931 998 1084 1058 Diniarchi
1116 1019 1243 1077 puerum

83 1100 264 1160 inuentum
287 1097 411 1160 filium“.

181 1205 270 1262 291.
300 1199 410 1263 cenes
429 1198 601 1280 pruriunt,
635 1203 655 1262 i.
679 1222 705 1262 e.
736 1202 877 1262 dentibus
904 1203 954 1261 vel
982 1207 1028 1262 ori
1056 1225 1122 1266 meo
1151 1205 1243 1284 plaga

85 1303 273 1383 infligetur.
313 1305 462 1382 Numqui
484 1306 604 1383 pruritu
626 1305 751 1378 laboret,
776 1306 802 1364 is
826 1326 862 1364 cx
883 1305 1041 1383 plagarum
1064 1316 1117 1368 aut
1138 1311 1242 1370 verbe·

86 1427 160 1465 rum
180 1407 300 1468 dolore
321 1410 405 1486 quasi
423 1409 557 1485 pruritus
573 1408 708 1466 levamen
725 1408 783 1466 sibi
801 1409 917 1486 quaerit.
948 1409 1022 1468 Inde
1039 1411 1158 1489 prurire
1176 1433 1243 1472 eum

88 1509 217 1584 dicunt,
247 1512 297 1570 cui
319 1508 445 1569 verbera
466 1512 634 1583 imminent,
657 1509 694 1568 cs.
717 1510 783 1569 Mil.
807 1511 884 1570 399:
917 1512 1008 1585 „mihi
1031 1512 1137 1572 dorsus
1160 1521 1243 1575 totus

89 1610 240 1688 prurit“.
285 1612 366 1672 Poen.
393 1613 489 1671 1319:
528 1611 624 1685 „Num
650 1612 707 1672 tibi
735 1613 819 1672 meles
848 1619 900 1673 aot
927 1613 1031 1672 dentes
1058 1617 1240 1693 pruriunt‘l“

89 1712 182 1772 Pers.
213 1717 275 1776 32:
315 1715 460 1792 ,scapulas
487 1713 659 1792 pruriunt“.
687 1745 731 1758 --
758 1717 830 1774 292.
852 1731 982 1794 puyueo
1010 1736 1065 1774 em.
1089 1719 1243 1780 Acidalius

93 1815 167 1874 coll.
194 1816 282 1876 Rud.
307 1818 383 1876 763:
419 1817 495 1890 „tibi
522 1819 626 1878 messis
647 1820 679 1876 in
702 1837 753 1876 ore
775 1816 828 1876 fiet
847 1820 957 1894 mergis
979 1817 1137 1896 pugneis“.
1182 1821 1244 1880 Ho-

93 1922 236 1994 spitium
252 1939 403 1998 pugnetur
422 1925 476 1993 est,
496 1919 576 1996 quod
593 1923 703 1999 pugnis
718 1918 762 1993 lit,
785 1921 806 1978 i.
825 1939 850 1978 e.
868 1919 1016 1998 pulsando
1033 1921 1243 1996 attundendo,

96 2021 225 2081 utMil.
246 2024 322 2081 513:
349 2023 551 2101 ,supplicium
567 2020 758 2082 stimuleum“
784 2023 823 2082 el.
847 2053 890 2064 -
914 2025 985 2083 294.
1003 2020 1126 2102 pupula
1147 2022 1246 2103 faciel

97 2124 137 2182 ut
160 2121 342 2198 dormiam,
364 2127 409 2184 ita
429 2145 477 2184 me
499 2127 606 2204 pugnis
629 2125 777 2199 onerabit,
801 2131 836 2184 ut
858 2126 1036 2186 dormientis
1058 2128 1154 2186 instar
1176 2147 1243 2186 exa·

100 2227 196 2287 nimis
228 2229 397 2307 relinquar,
426 2227 463 2288 cs.
492 2247 521 2287 v.
546 2229 607 2288 299
635 2247 680 2305 sq.
702 2259 747 2269 -
770 2231 841 2288 295.
870 2223 1009 2306 Oppida,
1037 2249 1176 2306 prorsus,
1207 2230 1243 2288 cf.

100 2331 193 2390 Asin.
221 2333 294 2391 285.
318 2331 407 2390 Most.
435 2331 504 2390 132.
531 2331 600 2389 161.
626 2333 697 2390 797.
720 2330 813 2390 Mero.
838 2332 909 2390 700.
933 2331 1014 2389 Pers.
1038 2333 1109 2391 740.
1132 2331 1243 2390 Pseud.

104 2433 182 2494 425,
203 2435 245 2494 al.
262 2463 306 2474 —
323 2434 394 2493 296.
418 2429 590 2494 adamam
612 2433 658 2494 ed.
676 2453 722 2511 pr.
741 2463 784 2474 —
801 2429 958 2494 auscultet
979 2435 1112 2512 optative
1134 2435 1244 2495 intelli·

105 2538 260 2611 gendum
278 2556 337 2596 non
354 2556 430 2613 opus
446 2541 492 2596 est
508 2537 717 2596 coniunctione
737 2532 818 2610 ,ut“.
836 2567 879 2578 -
897 2538 969 2596 297.
987 2531 1103 2615 Iyilur,
1121 2538 1157 2597 of.
1172 2540 1244 2597 207.

108 2637 326 2720 Corruptclam
353 2637 489 2699 codicum
511 2639 667 2698 Acidalius
695 2638 953 2698 sic'emendabat:
992 2638 1107 2717 „Igitur
1128 2639 1247 2700 demum

108 2745 208 2820 magis
231 2739 411 2815 maiorem“;
435 2739 588 2802 Gertcius:
615 2740 730 2819 „Igitur
752 2744 847 2820 magis
867 2742 989 2802 modum
1012 2745 1044 2802 in
1065 2743 1247 2804 mororum“.

109 2841 191 2904 Mihi
214 2851 247 2904 et
268 2846 368 2922 aptius
390 2849 420 2904 et
441 2845 565 2922 propius
584 2846 695 2904 visum:
723 2843 839 2922 ,Igitur
855 2849 950 2923 magis
967 2845 1055 2906 homo
1073 2845 1247 2906 maiorem“.

111 2939 229 3026 Mays'a
255 2967 315 3016 non
341 2966 410 3006 raro
437 2947 518 3025 apud
545 2946 686 3006 Plautum
713 2967 750 3006 ex
777 2946 927 3025 superfluo
956 2953 1168 3025 comparativis
1195 2949 1248 3009 ad·

112 3047 213 3123 ditur,
240 3070 269 3108 v.
292 3050 360 3108 Aul.
392 3052 464 3109 414.
499 3050 584 3128 (lapt.
610 3051 681 3110 637.
716 3050 796 3109 Men.
822 3051 861 3108 55
891 3055 922 3108 ct
951 3052 1022 3108 958.
1056 3052 1149 3110 Merc.
1175 3054 1246 3111 886.

112 3149 197 3212 Pccn.
222 3153 272 3210 82.
298 3155 368 3212 212.
394 3154 466 3212 460.
500 3151 592 3212 Stich.
616 3154 688 3212 700.
733 3153 795 3212 Neo
823 3153 913 3212 aliter
936 3150 1031 3212 Graeci
1060 3155 1191 3231 antiqui,
1215 3159 1250 3213 ut

113 3251 203 3316 Hom.
227 3254 313 3314 Iliad.
338 3256 395 3328 24,
423 3255 500 3314 243:
536 3258 653 3333 patreque
679 3257 789 3330 μᾶλλον.
833 3254 977 3314 Herodot.
1002 3253 1031 3327 I,
1056 3257 1111 3316 32:
1145 3259 1249 3332 μᾶλλον

116 3358 283 3434 ὀλβιώτερος.
320 3357 434 3416 Eodem
456 3356 547 3418 modo
570 3373 667 3434 aeque
684 3360 810 3436 ponitur
827 3357 911 3434 Gapt.
933 3359 1004 3417 693.
1022 3387 1066 3398 -
1083 3359 1155 3417 298.
1179 3353 1249 3417 Iam

116 3455 206 3521 diust
227 3455 319 3537 quod.
353 3459 530 3520 Fleckeisen
553 3475 646 3537 quom
668 3461 797 3539 scripsit,
821 3466 857 3518 ut
879 3460 971 3519 Mero.
993 3461 1070 3518 532:
1097 3459 1159 3532 ,illi
1182 3461 1248 3536 qui·

116 3563 183 3623 dem
206 3563 287 3622 haud
308 3581 382 3621 sane
404 3562 488 3622 diust
509 3582 599 3640 quom
623 3563 728 3622 dentes
750 3559 955 3622 exciderunt“.
989 3555 1047 3620 Sed
1064 3565 1156 3620 etiam
1172 3560 1248 3620 illud

116 3666 229 3726 dictum
250 3665 380 3739 videtur,
404 3666 441 3724 cf.
465 3664 543 3725 Plin.
563 3665 620 3744 Ep.
640 3665 690 3739 IV,
712 3668 762 3738 27,
784 3667 816 3724 1:
843 3664 979 3738 „Tertius
1003 3663 1067 3722 dies
1090 3669 1143 3738 est,
1168 3665 1249 3743 quod

116 3769 219 3829 audivi
251 3771 429 3827 recitantem
458 3765 623 3828 Sentium“.
668 3767 768 3828 Etiam
802 3767 883 3845 apud
911 3766 1029 3825 Terent.
1059 3767 1168 3826 Heaut.
1193 3769 1247 3825 54:

121 3870 213 3946 ,Indo
243 3870 320 3930 adeo
348 3870 430 3948 qnod
453 3888 558 3946 agrum
580 3875 612 3930 in
633 3890 779 3948 proxumo
801 3869 850 3928 hic
872 3875 1021 3928 mercatus
1044 3867 1105 3928 est“
1131 3891 1247 3944 vercor,

118 3995 154 4034 ne
175 3993 284 4051 parum
305 3981 385 4032 recte
402 3973 449 4032 ΕΙ.
476 3969 603 4050 „quom“
629 3992 685 4051 pro
711 3970 828 4050 „qnod“
849 3974 1012 4051 scripserit.
1030 4003 1074 4012 -
1092 3974 1164 4030 299.
1179 3967 1250 4033 Iam

112 4073 256 4154 pridem,
290 4076 362 4136 olim
395 4075 598 4148 emendatum,
633 4076 652 4134 i.
682 4095 709 4134 e.
737 4079 797 4134 inm
825 4074 892 4148 diu,
927 4075 963 4134 cf.
987 4075 1055 4134 Ter.
1079 4075 1152 4134 Hcc.
1177 4077 1249 4134 219.

118 4179 227 4238 Hecut.
253 4180 323 4238 229.
346 4207 390 4218 -
413 4180 484 4238 300.
508 4173 628 4252 nudor,
656 4178 832 4238 verberatos
859 4197 891 4237 se
920 4178 1061 4256 spoliasse
1089 4175 1248 4252 significat.

117 4311 160 4322 —
182 4283 256 4342 301.
280 4282 455 4342 eamcam
481 4273 593 4341 melem.
639 4280 737 4359 Vulgo
766 4280 833 4339 edd.
863 4284 982 4340 inverso
1012 4279 1118 4339 ordine
1147 4296 1251 4340 meum

119 4385 308 4458 ceromatem,
336 4404 374 4444 ne
403 4391 529 4461 quartus
557 4403 610 4461 pes
637 4386 731 4443 trium
758 4383 940 4460 syllabarum
963 4387 1017 4457 eit,
1042 4382 1094 4441 sed
1116 4403 1144 4442 v.
1168 4381 1249 4442 Prol.
