2956 5018
250 492 310 554 16ss
706 485 916 554 Prolcgomens

247 691 332 757 sunt,
356 683 407 742 ubi
429 701 564 760 personae
587 701 689 741 omnes
713 683 903 759 proscenium
931 681 1117 758 relinquunt,
1140 681 1219 740 teies
1240 681 1326 741 locos
1348 685 1381 740 in

246 789 396 867 plerisque
417 785 526 846 iebulis
548 790 595 846 tot
612 786 803 858 inveniemus,
822 790 975 844 uteorum
993 803 1082 844 censs
1097 789 1218 844 actuum
1234 804 1380 845 numerus

246 894 326 950 iusto
355 891 453 950 maior
480 889 598 948 initurus
627 883 717 962 sit*);
753 888 805 946 sed
838 888 969 947 editores
996 907 1033 946 ex
1059 887 1105 946 his
1132 887 1206 948 locis
1235 891 1380 965 quattuor

247 995 356 1068 eligere
378 992 475 1051 solent
497 1011 515 1050 6
537 992 642 1050 ceteris
664 991 748 1050 nulls
770 1011 802 1048 re
825 990 967 1065 diversos,
990 1010 1085 1068 esque
1107 993 1224 1052 ratione
1242 991 1380 1050 fabulum

246 1099 277 1155 in
293 1097 426 1173 quinque
445 1099 528 1154 octus
545 1093 740 1170 distinguunt,
758 1095 842 1172 qussi
860 1095 956 1154 meins
975 1096 1006 1154 in
1022 1095 1089 1154 istis
1099 1095 1173 1154 locis
1184 1094 1379 1154 intervallum

247 1200 360 1257 silent
387 1217 451 1256 esse
478 1196 587 1256 debeat
615 1217 704 1274 quem
732 1197 763 1254 in
777 1183 912 1270 ceteris,
936 1198 968 1256 id
989 1198 1069 1275 quod
1090 1217 1169 1275 sepe
1192 1203 1297 1256 contre
1320 1203 1377 1256 est.

246 1301 304 1362 sed
325 1303 357 1360 iu
376 1300 525 1360 nonnullis
542 1299 653 1358 fabulis
668 1300 858 1378 paucioribus
876 1301 965 1359 etiem
982 1301 1055 1361 locis
1071 1302 1259 1379 proscenium
1275 1305 1376 1374 vacet,

245 1405 328 1464 velut
346 1409 393 1462 ter
411 1403 640 1462 inMcstellsris
664 1399 705 1477 (v.
730 1405 780 1463 80.
805 1404 877 1462 846.
904 1400 1010 1478 1026),
1032 1405 1064 1462 16
1080 1403 1262 1464 Truculento
1287 1401 1376 1478 (447.

247 1509 318 1568 696.
349 1503 440 1580 686),
474 1507 506 1564 in
533 1506 869 1566 Heautontimorumeno
901 1503 986 1581 (410.
1016 1507 1087 1566 874.
1120 1504 1230 1582 1023),
1264 1508 1310 1568 bis
1344 1509 1377 1566 in

244 1610 361 1669 Andria
388 1607 474 1684 (901.
498 1605 590 1682 820),
625 1613 660 1668 ut
692 1609 739 1668 his
772 1609 882 1669 febulis
912 1629 1057 1668 summum
1086 1615 1227 1686 quattuor
1255 1615 1286 1669 et
1311 1615 1376 1670 tres

223 1757 230 1772 .
246 1719 331 1773 ectus
352 1711 446 1772 tribui
461 1713 589 1790 possint.
623 1712 720 1784 Quure
737 1713 854 1772 sbiects
870 1711 978 1790 putide
993 1711 1047 1772 ills
1063 1712 1230 1772 subtilitate
1246 1715 1375 1792 ingenue

244 1819 406 1890 fateamur,
429 1816 531 1876 Plauti
553 1819 583 1874 ct
605 1815 738 1874 Terentii
765 1816 880 1876 fabulas
910 1816 972 1874 sine
1000 1816 1063 1876 ulle
1088 1820 1208 1876 actuum
1230 1817 1374 1878 divisione

244 1940 304 1979 unc
325 1925 430 1978 tenore
452 1937 548 1997 usque
570 1917 609 1978 sd
632 1919 727 1978 sulces
749 1919 869 1980 sublsts
890 1923 1026 1998 peractus
1055 1939 1128 1980 esse.
1173 1919 1273 1980 Unum
1296 1921 1374 1980 cxci·

243 2023 385 2100 piendum
408 2026 462 2095 est,
486 2021 537 2080 ubi
561 2021 663 2081 eadem
680 2041 816 2098 persone,
840 2042 906 2099 quae
922 2023 1112 2099 proscenium
1134 2023 1264 2100 reliquit,
1289 2023 1373 2101 qussi

244 2127 403 2186 interiecto
425 2126 569 2203 temporie
596 2125 698 2203 spatio
726 2127 835 2184 iterum
857 2124 936 2184 redit
958 2127 988 2184 in
1009 2126 1207 2204 proscenium.
1247 2125 1299 2184 Fit
1318 2126 1373 2186 hoc

244 2231 276 2289 in
289 2228 439 2290 Pseudolo
462 2247 498 2286 eo
519 2228 596 2302 loco,
618 2227 670 2287 nbi
692 2227 824 2287 editores
845 2229 974 2306 primurn
997 2233 1097 2288 sctum
1118 2231 1292 2290 terminent.
1326 2229 1373 2288 Ibi

245 2351 347 2392 servus
369 2329 495 2390 cellidus
517 2351 548 2390 se
572 2331 791 2408 eliquentisper
812 2333 892 2391 intro
916 2351 1121 2392 concessurum
1140 2332 1220 2406 dicit,
1238 2337 1274 2392 ut
1288 2333 1371 2393 inllu-

246 2437 306 2496 cins
328 2438 439 2508 struet,
469 2453 538 2494 mox
559 2436 681 2496 invento
708 2433 848 2510 consilio,
878 2435 959 2512 quod
986 2435 1119 2514 plecest,
1148 2437 1256 2496 iterum
1284 2438 1370 2498 redit.

245 2538 345 2611 Quare
374 2556 470 2616 ponsa
498 2537 599 2615 eliqua
625 2538 828 2598 intercesserit
855 2557 974 2598 neccsse
1001 2543 1060 2613 est,
1085 2557 1174 2617 quem
1196 2559 1256 2616 quo
1284 2540 1371 2601 modo

271 2771 297 2840 *1
315 2773 429 2827 Dusbns
447 2773 558 2826 tontum
576 2771 606 2826 in
622 2769 723 2826 isbulis
742 2774 842 2841 quater
858 2771 913 2826 hoc
926 2770 968 2840 fit,
986 2775 1018 2827 ut
1030 2771 1107 2828 incili
1120 2773 1236 2843 negotio
1251 2776 1372 2845 quinque

314 2863 393 2913 notris
411 2857 533 2912 describi
549 2857 668 2927 possint,
686 2857 717 2912 in
726 2857 817 2912 Milite
835 2859 959 2928 glorioso
977 2863 1006 2914 et
1023 2859 1187 2916 inPoennlo.
1215 2859 1372 2918 6116016161-

313 2944 383 2998 1666
401 2943 516 3013 adiungi
532 2947 637 3013 potest,
652 2943 677 2998 si
689 2943 797 2998 Auxilii
816 2945 971 3000 cretionem
989 2945 1144 3015 (146-199)
1162 2965 1221 3004 666
1237 2966 1290 3019 pro
1308 2956 1373 3005 ectu

313 3029 364 3086 sed
389 3047 442 3099 pro
466 3030 615 3085 intervallo
642 3033 755 3084 actuum
781 3031 928 3099 hebemus,
956 3035 985 3086 st
1006 3031 1189 3104 Amphitruo,
1214 3035 1239 3090 si
1262 3035 1372 3106 quidem
1401 3069 1405 3080 ·

312 3115 481 3186 Amphitruo
503 3115 618 3170 fulmine
635 3117 778 3186 perculsus
797 3116 832 3184 (v.
853 3117 928 3185 1064)
950 3120 1130 3188 proscenium
1150 3135 1209 3174 non
1230 3121 1371 3191 relinquit

313 3201 442 3272 Quinque
455 3203 604 3256 intervella
617 3207 683 3257 sunt
696 3202 726 3256 in
735 3201 835 3257 Casina
853 3201 921 3271 (144.
936 3205 994 3257 492.
1010 3205 1068 3258 609.
1087 3207 1145 3260 708.
1164 3205 1234 3275 797),
1252 3205 1371 3277 Epidico

314 3289 382 3356 (167.
401 3291 459 3343 917.
479 3291 536 3343 978.
556 3291 615 3343 698.
633 3285 703 3355 666),
721 3287 861 3342 Pseudolo
880 3287 947 3356 (676.
967 3291 1024 3344 772,
1044 3291 1101 3345 909.
1123 3291 1195 3345 1062.
1213 3291 1372 3361 12421161-

312 3391 427 3428 nummo
441 3374 508 3442 (224.
523 3376 581 3428 601.
595 3375 652 3428 729.
668 3373 726 3427 820.
743 3373 828 3442 1116),
846 3374 985 3430 Eunucho
1001 3373 1068 3443 (991.
1084 3377 1142 3430 607.
1155 3379 1213 3432 699.
1227 3379 1286 3432 616.
1302 3378 1371 3448 817),

312 3459 423 3529 Hecyra
441 3460 507 3528 (198.
527 3463 584 3514 281.
604 3461 662 3514 616.
681 3462 739 3514 677.
759 3459 828 3528 799),
847 3461 878 3516 in
890 3459 1060 3516 Phormione
1078 3460 1146 3530 (166.
1165 3465 1223 3518 816.
1239 3465 1298 3518 667.
1313 3467 1370 3520 766.

311 3545 385 3616 820),
404 3546 459 3600 nisi
480 3545 553 3600 forte
575 3545 671 3600 addito
694 3564 719 3600 v.
738 3549 789 3602 899
813 3563 862 3600 sex
884 3545 1033 3601 intervalla
1055 3563 1201 3602 numerere
1224 3549 1319 3620 melis,
1343 3552 1371 3605 in

313 3630 480 3705 Curculione
498 3631 564 3700 (216.
580 3633 638 3686 276,
653 3633 710 3686 971.
725 3634 783 3686 486.
799 3631 867 3700 692),
887 3633 910 3687 si
923 3633 1073 3703 psrsbssin
1087 3634 1201 3703 ohoregi
1215 3633 1371 3704 (461-484)

311 3735 362 3787 pro
385 3711 532 3774 intervallo
555 3719 696 3773 hebemus.
733 3717 789 3773 Sex
811 3717 917 3772 hebent
939 3718 1049 3789 Captivi
1071 3717 1139 3786 (469.
1157 3721 1215 3774 496.
1235 3723 1293 3775 610,
1313 3723 1369 3776 761.

311 3805 370 3856 901.
389 3804 463 3871 916),
485 3803 653 3858 Mensechmi
676 3805 743 3873 (229.
767 3806 825 3859 486.
850 3807 907 3859 646.
930 3806 989 3859 688.
1013 3807 1071 3860 867.
1097 3805 1186 3874 1028),
1210 3803 1296 3861 Perse
1320 3805 1369 3876 (64.

314 3891 370 3944 168.
394 3891 452 3944 262.
475 3891 533 3945 990.
556 3892 614 3944 401.
638 3890 714 3958 761),
741 3891 853 3946 Stichus
878 3890 946 3958 (168.
970 3892 1029 3946 409.
1052 3891 1111 3945 606.
1134 3892 1193 3946 698.
1216 3893 1275 3947 670.
1298 3893 1369 3961 679);

311 3979 419 4043 septem
437 3975 590 4030 Bacchides
612 3971 680 4045 (106.
708 3978 764 4030 167.
787 3979 846 4032 964.
870 3978 927 4032 881.
950 3978 1008 4030 621.
1033 3974 1170 4044 668917)
1195 3981 1224 4031 et
1241 3978 1370 4034 mineris

312 4059 380 4127 (126.
404 4061 461 4114 246.
485 4062 542 4116 600.
566 4064 623 4116 640.
647 4065 705 4116 799.
729 4065 787 4117 804.
805 4063 880 4132 821),
903 4065 967 4118 octo
985 4061 1129 4116 Aulularia
1147 4060 1215 4129 (120.
1235 4065 1294 4118 276.
1313 4066 1368 4119 964.

313 4148 371 4199 990.
391 4147 448 4200 997.
469 4148 527 4199 677.
545 4147 603 4200 671.
622 4146 683 4214 690)
707 4152 735 4202 et
753 4147 894 4202 Mercator
916 4148 983 4217 (221.
1002 4151 1061 4204 490.
1081 4149 1138 4202 696.
1157 4150 1215 4202 679.
1234 4151 1293 4204 668.
1312 4151 1367 4205 649.

312 4231 370 4284 rer.
394 4229 470 4300 946),
494 4249 594 4286 novem
612 4233 735 4303 Adelphi
758 4232 826 4302 (155.
846 4221 903 4288 see.
923 4236 981 4290 355.
1000 4237 1058 4288 mr.
1078 4235 1137 4290 ces.
1156 4235 1214 4288 crc.
1234 4237 1292 4289 ns.
1311 4237 1367 4290 rer.

312 4315 386 4384 866),
414 4317 544 4370 undecim
566 4317 678 4371 Rudens
706 4319 774 4386 (185.
802 4321 860 4373 290.
887 4322 945 4374 468.
968 4321 1027 4375 486.
1050 4322 1108 4376 698.
1131 4322 1190 4374 892.
1213 4321 1271 4375 906.
1297 4323 1367 4376 1191.

314 4401 389 4454 1266.
410 4401 495 4468 1280).
529 4401 666 4470 Prolcgos
684 4419 795 4472 semper
812 4405 924 4459 secrevi.
