2968 5030
587 487 620 544 v.
638 490 783 546 eea-ela
1187 496 1250 560 433

116 683 205 761 qnasi
216 682 325 744 durum
341 682 478 742 reddere.
501 683 643 742 Fullones
659 689 760 744 autem
775 685 958 744 vestimenta
973 683 1102 745 lavando
1114 689 1146 746 et
1156 686 1249 744 inter·

116 785 260 864 polando,
283 785 380 844 multa
400 789 491 846 etiam
507 791 591 846 oreta
607 785 745 845 adbibita
767 782 809 860 (v.
826 785 975 865 Theophr.
990 785 1077 848 Char.
1092 789 1131 848 10
1148 785 1248 862 erm),

116 906 198 965 saepe
227 887 350 948 duriora
378 886 559 961 reddebant,
594 907 684 964 quam
716 889 884 966 oportebat.
929 888 1026 962 Quare
1056 891 1109 967 qui
1141 889 1249 950 durare

117 991 301 1050 uestimenta
321 989 450 1050 fullones
476 989 564 1064 dicit,
588 1009 640 1050 eos
662 1008 721 1049 nou
743 989 863 1064 laudet,
887 991 940 1050 sed
962 990 1129 1069 vituperat3
1152 993 1250 1070 qualis

116 1093 202 1152 ioous
218 1090 257 1150 ab
273 1091 329 1152 boo
345 1092 412 1152 loeo
430 1112 491 1152 non
509 1091 622 1152 alienus
633 1091 763 1152 videtur.
783 1123 827 1133 -
845 1095 916 1154 899.
928 1087 970 1154 Iri
981 1087 1086 1154 oeulos
1098 1095 1206 1154 suadet
1216 1101 1251 1154 ut

116 1194 264 1254 invadant
285 1194 336 1253 vel
357 1194 491 1254 involent
512 1193 693 1268 Demaeneto,
715 1199 752 1261 ut
774 1213 824 1254 eoa
846 1195 995 1272 eripiant,¹
1010 1195 1046 1254 oi.
1065 1195 1156 1256 Most.
1178 1197 1248 1256 198.

80 1337 84 1346 -
115 1295 277 1356 Ter.Euu.
291 1297 352 1355 648
370 1296 409 1356 al.
442 1295 571 1356 Datirns
587 1298 675 1358 facile
691 1297 822 1371 auditur,
840 1297 877 1358 of.
897 1299 968 1358 381.
1002 1297 1048 1358 Fl.
1066 1299 1250 1372 ingeniosius

115 1418 209 1476 quam
219 1399 320 1458 verius
330 1398 394 1458 ed.:
410 1399 458 1472 ,in
470 1398 572 1459 oeulos
588 1396 719 1474 [oueulo]
732 1398 867 1459 inuadist
878 1396 1063 1476 optumum“.
1074 1430 1118 1442 -
1132 1401 1202 1462 900.
1217 1401 1250 1460 iu

116 1497 219 1562 istoru
246 1499 295 1560 ed.
317 1520 380 1578 pr.,
405 1501 442 1560 of.
466 1503 538 1562 896.
581 1501 668 1562 Aeid.
695 1498 827 1574 ,istauo“
852 1501 992 1562 malebat.
1015 1533 1057 1543 -
1081 1505 1153 1562 901.
1175 1502 1250 1564 Post

116 1596 281 1662 monasti
296 1601 411 1676 hiatus,
434 1603 521 1662 Both.
543 1601 771 1677 ,inuocauisti“.
805 1604 915 1664 Mdller
930 1625 961 1682 p.
982 1604 1250 1681 59510ngealiud

117 1703 301 1782 requirebat
351 1699 475 1782 Ecquis
503 1706 575 1765 olim
602 1705 800 1767 emendatum.
828 1735 872 1748 —
902 1699 1132 1779 ,Pollinciores
1158 1705 1246 1768 suut“

117 1812 153 1866 ut
175 1809 222 1866 ait
242 1806 357 1867 Nonius
378 1826 410 1885 p.
437 1809 507 1880 157,
539 1809 609 1885 ,qui
636 1814 770 1868 mortuos
799 1804 922 1868 ouraut“
955 1813 986 1868 et
1013 1807 1159 1868 cadavera
1180 1815 1250 1868 ante

116 1910 308 1987 sepulturam
330 1914 439 1988 parant
460 1915 492 1968 et
514 1914 633 1984 ornant,
656 1913 677 1970 i.
701 1931 726 1968 e.
748 1910 929 1990 pollinguui,
952 1929 980 1968 v.
997 1909 1079 1970 Poen.
1098 1911 1148 1970 63.
1181 1912 1249 1972 Ser·

117 2030 235 2072 monem
257 2013 301 2072 sio
322 2013 495 2072 institutum
516 2016 674 2090 parasitus
693 2017 826 2072 extremo
848 2013 985 2090 proximo
1008 2031 1096 2072 versu
1117 2043 1160 2054 -
1181 2035 1249 2074 nam

116 2133 185 2190 quae
213 2115 373 2173 interiecta
399 2119 485 2188 aunt,
516 2114 555 2173 ad
582 2134 649 2174 eum
671 2133 730 2173 nou
752 2116 906 2192 pertinent
930 2143 967 2154 -
991 2117 1182 2193 persequitur
1202 2115 1250 2174 his

116 2214 233 2276 verbis:
255 2213 658 2290 ,MortuustDemaenetus“.
691 2217 763 2276 Heeo
779 2218 858 2277 euim
876 2221 1036 2290 causaest,
1055 2236 1108 2276 eur
1123 2218 1249 2293 polline·

117 2322 201 2377 tores
223 2319 332 2378 moenai
354 2318 465 2391 iubeat,
490 2320 575 2396 qnasi
596 2338 685 2378 senex
702 2317 826 2394 flagitiis
845 2317 970 2379 detentis
986 2338 1109 2396 prorsus
1125 2321 1251 2396 perierit
1268 2321 1273 2332 ’

94 2426 148 2480 ·et
176 2421 237 2479 iam
264 2420 452 2499 sepeliendus
479 2421 528 2480 sit.
574 2419 718 2481 Similiter
739 2421 859 2480 Terent.
881 2419 1000 2480 Phorm.
1027 2421 1124 2480 1026:
1154 2420 1248 2495 ,Exe-

118 2523 204 2602 quias
228 2520 379 2582 Chremeti
407 2521 515 2601 quibus
537 2527 584 2582 ast
605 2523 793 2583 commodum
814 2524 872 2594 ire,
897 2541 943 2581 em
964 2527 1082 2600 tempus
1104 2519 1181 2583 est“.
1206 2553 1245 2564 -

118 2627 192 2685 902.
222 2623 320 2685 Filius
348 2630 473 2685 mairem
506 2645 598 2703 quum
631 2626 791 2704 oonapioit,
825 2624 951 2698 salutat;
985 2645 1021 2684 ea
1048 2618 1106 2685 Sui
1137 2619 1251 2686 ,inlutis

117 2727 290 2804 respondet,
307 2733 342 2786 ut
357 2728 478 2787 Trucul.
498 2730 575 2788 258:
602 2727 674 2800 ,Set
691 2727 794 2786 mihist
810 2732 883 2786 tuae
900 2726 1020 2800 saluiis3
1039 2727 1115 2786 nihil
1132 2748 1248 2802 moror,
1362 2715 1366 2726 ’

117 2835 166 2889 sat
187 2827 322 2888 salueo“.
362 2829 409 2890 Fl.
433 2849 498 2889 oum
524 2829 599 2888 dett.
623 2829 709 2890 oodd.
736 2826 904 2904 ,snurut‘k
927 2859 970 2870 -
993 2831 1065 2890 903.
1089 2830 1146 2906 esi,
1169 2831 1251 2907 quod

117 2932 149 2991 in
171 2930 259 2991 oodd.
283 2931 404 3004 excidii,
428 2936 513 2990 extat
535 2930 616 3007 apud
632 2932 764 2992 Nouium
785 2949 816 3007 p.
835 2933 886 2992 22.
930 2927 981 2990 bie
1001 2952 1057 3008 pro
1083 2930 1190 3006 ,bino“
1214 2933 1249 2992 B.

118 3053 197 3092 man.
227 3053 273 3111 pr.
303 3063 346 3074 -
377 3035 449 3094 906.
482 3029 577 3094 Poste
610 3028 734 3093 dentum
766 3028 840 3107 huc,
874 3036 917 3092 sio
944 3033 983 3106 B;
1018 3035 1113 3093 altera
1144 3055 1250 3096 manua

118 3135 234 3194 emend.
257 3131 356 3208 hurum·
378 3141 463 3195 cett:
491 3136 583 3208 ,Post
604 3155 671 3194 oum
695 3135 812 3194 demum
835 3133 923 3194 huo“.
956 3135 1037 3196 lllud
1053 3141 1133 3196 reete
1149 3143 1252 3198 tuetur

118 3238 234 3297 Ritaoh.
258 3237 366 3314 Opuso.
391 3237 434 3310 H,
457 3258 488 3314 p.
514 3239 585 3297 543.
630 3235 764 3316 Antiqua
797 3237 849 3296 illa
881 3237 1018 3296 adverbii
1045 3239 1142 3298 forma
1170 3244 1252 3298 extet

117 3342 150 3398 in
172 3339 197 3398 B
220 3343 311 3400 etiam
332 3339 414 3399 Men.
439 3342 511 3400 825.
536 3339 628 3401 Mero.
649 3341 721 3398 364.
744 3339 836 3399 Stich.
858 3341 929 3399 384.
963 3339 1077 3400 Ennius
1100 3362 1148 3419 ap.
1166 3340 1250 3401 Fest.

117 3459 148 3518 p.
174 3443 251 3500 356:
282 3441 392 3515 „Poste
413 3441 580 3500 recumbite
602 3446 763 3519 uestraque
785 3445 912 3520 pectora
932 3442 1039 3520 pellite
1061 3442 1186 3505 tonsis“.
1211 3473 1249 3484 -

120 3545 193 3604 907.
216 3540 253 3604 ia
269 3544 394 3620 partem
415 3543 519 3604 Lamb.
550 3564 620 3618 em.,
650 3546 687 3604 oi.
712 3547 785 3604 672.
828 3542 894 3603 Liv.
917 3543 973 3618 IV,
998 3546 1052 3618 35,
1078 3547 1113 3604 6:
1151 3565 1251 3624 ,spem

118 3645 291 3704 consulatus
319 3647 351 3704 iu
378 3651 494 3724 partem
522 3643 717 3721 revocandi“,
746 3647 784 3706 el.
829 3645 877 3704 Ad
906 3667 969 3706 rem
997 3649 1086 3706 etiam
1120 3649 1253 3727 pertinet

118 3747 188 3806 Ter.
210 3746 287 3806 Eun.
313 3749 411 3808 1055:
449 3755 501 3822 ,ut
533 3749 673 3808 haeream
705 3751 736 3807 iu
768 3753 856 3828 perte
889 3750 992 3827 aliqua
1020 3749 1143 3810 taudem
1171 3750 1252 3828 apud

118 3846 293 3908 Thaidem“.
327 3879 371 3891 ·-
405 3851 477 3912 910.
506 3844 643 3928 Regiam
675 3856 836 3929 patronum
870 3853 912 3910 sio
944 3871 1023 3929 saepe
1058 3851 1253 3931 appellabant

118 3953 254 4028 parasiti,
265 3971 294 4010 v.
306 3951 397 4011 Stich.
411 3954 484 4012 456.
502 3952 588 4030 Capi.
603 3955 653 4012 92.
665 3953 746 4013 Meu.
760 3956 832 4014 887.
845 3955 912 4013 Ter.
926 3954 1045 4014 Phorm.
1061 3955 1132 4015 338.
1146 3955 1251 4014 Horat.

118 4053 175 4129 Ep.
183 4052 208 4126 I,
219 4055 247 4127 7,
256 4055 311 4126 203
328 4055 376 4128 17,
389 4057 429 4114 20
442 4058 588 4116 8143-
599 4055 753 4116 ianiwnst
764 4053 953 4130 incendium,
966 4057 1041 4116 adeo
1054 4057 1141 4116 ardet
1152 4077 1252 4118 amore

118 4154 216 4214 homo.
228 4185 271 4195 -
283 4157 356 4215 911.
373 4153 516 4233 receptio,
529 4178 557 4217 v.
570 4157 609 4216 ad
619 4157 728 4236 Amph.
744 4160 815 4218 515.
828 4189 868 4198 -
883 4161 955 4219 912.
968 4158 1122 4218 Exoidisse
1139 4160 1254 4237 aliquid

119 4257 232 4335 duplex
253 4257 355 4317 hiatus
374 4259 530 4318 ostendere
547 4259 674 4320 videtur.
709 4261 864 4321 Acidaliua
890 4259 1015 4336 ,hodie“
1042 4261 1182 4336 addebat,
1204 4261 1251 4322 Fl.

122 4357 239 4432 ,istie“.
269 4390 313 4399 -
345 4355 484 4424 emicavit
515 4363 587 4422 olim
620 4363 820 4424 emendatum.
850 4393 894 4404 --
922 4365 995 4424 913.
1017 4359 1180 4425 hominium
1206 4363 1253 4424 Fl.

1014 4477 1048 4532 28
