2956 5018
582 486 791 558 helenum
1190 495 1252 556 147

203 680 370 760 Postquam
392 688 439 742 est
459 687 585 742 mortem
607 689 694 760 aptus
716 682 849 756 Plautus,
873 681 1018 742 comedia
1039 683 1131 762 luget,

203 785 301 844 Scene
323 790 370 844 est
391 784 523 858 deserta;
546 785 614 844 dein
635 785 734 859 Risus,
755 785 861 844 Ludus
883 784 1033 863 locusque

202 885 244 946 Et
265 889 384 946 numeri
404 887 554 946 innumeri
573 889 664 947 simul
685 907 787 947 omnes
809 887 1068 948 conlacrimerunt

111 988 190 1061 Quis
211 1009 273 1048 non
295 989 424 1049 miretur
435 988 565 1050 Gellium
586 986 691 1064 (1,24‚
710 987 754 1064 3),
779 992 831 1068 qui
847 989 905 1050 hoc
921 991 1104 1068 epigramma
1124 990 1163 1050 ab
1183 992 1250 1068 ipso

109 1090 225 1151 Plauto
259 1092 432 1152 abiudicare
465 1111 524 1151 non
556 1089 686 1152 audeat?
729 1091 825 1152 Immo
863 1111 984 1166 eorum,
1023 1093 1076 1170 qui
1112 1094 1250 1171 proxime

109 1195 213 1254 secuti
234 1200 321 1270 sunt,
344 1195 402 1256 hoc
423 1195 568 1254 iudicium
590 1195 657 1253 fuit
702 1194 790 1267 Quod
812 1195 946 1273 quamvis
968 1194 1087 1256 Horatii
1109 1215 1249 1273 asperne-

109 1301 164 1355 tur
193 1297 358 1376 elegantia,
386 1301 489 1355 tamen
515 1295 595 1355 idem
622 1300 713 1374 poeta
738 1315 867 1375 proavos
895 1301 1027 1357 testatur
1055 1303 1086 1356 et
1114 1297 1192 1358 sales
1219 1303 1250 1357 et

110 1419 256 1458 numeros
274 1399 433 1458 Plautinos
454 1397 592 1458 laudasse
616 1397 685 1476 (Ep.
705 1399 738 1458 in
754 1398 816 1459 Pis.
836 1395 911 1472 270)
935 1404 966 1458 et
988 1399 1136 1459 fervorem
1157 1401 1249 1458 animi

108 1502 321 1578 impetumque
350 1503 449 1560 omnia
475 1520 585 1578 secum,
601 1499 760 1574 ferentem,
790 1521 849 1579 quo
875 1501 1088 1579 Epicharmum
1115 1501 1249 1561 emulari

109 1603 271 1662 videretur
305 1600 417 1680 (Epist
440 1601 484 1676 Π,
517 1603 548 1675 l,
574 1599 638 1676 58).
693 1602 801 1682 Iteque
832 1623 925 1682 quum
958 1609 1085 1664 exeunte
1117 1603 1248 1663 secundo

110 1725 137 1764 a.
164 1704 236 1766 Chr.
259 1726 290 1764 n.
313 1703 421 1764 seculo
443 1703 571 1764 Romani
597 1706 744 1764 curiosius
770 1706 882 1765 litteris
909 1725 1029 1784 opernm
1051 1705 1123 1764 dare
1145 1706 1248 1782 coepia·

109 1811 182 1868 sent
213 1813 245 1866 et
278 1807 452 1884 antiquiora
481 1824 541 1865 non
568 1805 672 1866 Gracc
699 1807 809 1882 solum,
839 1807 893 1867 sed
925 1809 1016 1868 etiem
1048 1826 1103 1866 sua
1135 1807 1249 1882 scripte

109 1923 295 1988 cognoscere
323 1909 488 1986 cepissent,
521 1907 652 1967 litterati
683 1907 818 1969 homines
844 1910 945 1970 Plauti
977 1928 1097 1988 quoqne
1129 1907 1247 1968 fabulas

109 2011 327 2072 describendas
349 2016 379 2069 ct
402 2010 533 2070 edendas
550 2015 702 2069 curarunt.
734 2009 775 2070 Hi
792 2013 865 2090 quin
879 2011 1102 2089 religiosissime
1120 2011 1246 2088 egerint,

108 2133 173 2174 non
195 2119 242 2173 est
265 2112 348 2190 quod
369 2111 554 2186 dubitemne,
578 2112 633 2171 sed
654 2112 691 2171 ab
714 2113 926 2187 histrionibus,
958 2132 1032 2191 quos
1054 2131 1146 2190 supra
1167 2133 1246 2172 com·

108 2217 360 2287 memoravimus,
383 2233 446 2273 non
466 2214 505 2273 ab
526 2215 592 2292 ipso
615 2213 723 2275 Plauto
745 2215 863 2275 fabulas
886 2214 1088 2292 incipiebant,
1111 2235 1167 2274 uec
1187 2215 1247 2291 ipsi

108 2325 174 2378 tam
203 2317 307 2392 sagaci
334 2315 447 2375 iudicio
475 2320 575 2389 erant,
608 2321 644 2374 ut
673 2319 803 2395 genuino
836 2317 874 2378 ab
907 2316 1057 2376 additiciis
1088 2335 1246 2376 secernere

109 2424 250 2498 possent,
280 2419 447 2496 praesertim
475 2437 566 2495 quum
593 2437 672 2495 sape
700 2419 848 2478 artissime
880 2421 981 2481 iuncta
1013 2423 1045 2478 et
1072 2419 1247 2478 intermixta

112 2528 221 2582 essent.
251 2520 334 2580 Illud
350 2539 436 2578 sumn
454 2538 518 2578 esse
534 2519 690 2596 putabant,
707 2526 743 2579 ut
759 2519 859 2580 omnia
874 2521 1057 2600 colligerent,
1074 2520 1245 2599 iudicioque

111 2623 143 2682 id
164 2625 297 2682 maxime
318 2622 457 2681 relictum
480 2641 553 2697 esse,
576 2627 611 2680 ut
633 2641 699 2702 qua
718 2622 819 2682 Plauti
836 2621 945 2682 fabule
968 2627 1074 2696 essent,
1098 2641 1164 2701 qum
1185 2641 1245 2681 non

111 2729 228 2798 essent,
265 2723 468 2782 decernerent.
519 2722 596 2784 Nam
629 2744 720 2802 quum
754 2725 873 2783 circiter
905 2727 1024 2783 centum
1057 2729 1088 2783 et
1119 2724 1246 2801 triginta

109 2827 221 2887 fabulae
246 2825 302 2885 sub
325 2825 427 2885 Plauti
447 2826 566 2884 nomine
588 2827 753 2900 ferrentur,
783 2845 833 2884 cae
861 2845 922 2885 non
950 2845 1052 2885 omnes
1076 2825 1158 2884 illius
1180 2845 1245 2884 esse

109 2929 199 2988 facile
221 2927 463 2986 animadversum
485 2931 539 2985 est.
584 2925 705 2987 Erroris
734 2947 853 2986 causam
874 2927 917 2986 M.
939 2928 1037 2988 Varro
1065 2927 1136 2987 inde
1157 2947 1244 3004 repe·

108 3031 211 3102 tebet,
240 3028 342 3107 „quod
362 3027 499 3088 Plautius
525 3028 647 3106 quidum
673 3029 780 3088 fuisset
799 3033 891 3106 poeta
912 3030 1136 3104 oomoediarum3
1159 3031 1244 3088 cuius

109 3133 254 3208 quoniam
286 3130 396 3189 labulae
428 3129 527 3189 Plauti
559 3131 711 3208 inscripta
744 3129 858 3205 forent,
892 3138 1030 3210 acceptas
1062 3149 1126 3190 esse
1159 3131 1244 3207 quasi

108 3231 283 3306 Plautinas,
313 3252 404 3309 quum
430 3236 530 3292 essent
556 3251 616 3290 non
644 3232 791 3292 aPlauto
813 3233 975 3309 Plautinae,
1005 3233 1058 3292 sed
1086 3253 1105 3291 a
1125 3231 1244 3292 Plautio

108 3332 296 3394 Plautianae“
323 3330 624 3408 (Gell.lll,3,10);
646 3334 728 3412 quod
749 3353 810 3394 non
830 3334 1006 3394 incredibile
1029 3339 1083 3409 est,
1107 3335 1132 3393 si
1155 3334 1244 3393 modo

109 3437 169 3496 fuit
203 3436 314 3515 aliquis
346 3438 437 3512 poeta
462 3435 599 3493 Plautius
631 3437 761 3496 nomine.
807 3436 893 3508 Quod
926 3442 1025 3496 autem
1057 3437 1117 3512 ipsi
1146 3435 1243 3495 Gellio

114 3559 196 3612 ,non
228 3538 353 3596 dubium
384 3535 520 3609 videtur,
554 3539 628 3613 quin
656 3539 736 3610 istae,
766 3556 832 3615 quse
859 3540 978 3615 scriptae
1006 3536 1154 3596 aPlanto
1182 3556 1244 3595 non

110 3639 254 3699 videntur
282 3643 313 3698 ct
339 3639 453 3698 nomini
480 3639 545 3698 eius
572 3637 767 3713 addicuntur,
789 3643 925 3698 veterum
947 3643 1103 3716 poctarum
1130 3638 1244 3696 fuerint

112 3745 142 3800 et
169 3741 208 3800 ab
241 3760 278 3800 eo
310 3745 480 3800 retractatae
513 3745 544 3799 et
576 3740 714 3816 expolitae
748 3741 809 3800 sint
841 3741 876 3802 ec
908 3745 1067 3820 propterea
1097 3740 1244 3816 resipiant

111 3843 214 3901 stilum
235 3839 443 3914 Plautinnm“,
470 3841 503 3900 id
530 3843 650 3901 omnino
674 3841 889 3916 abiiciendum;
911 3842 1037 3901 Plautus
1059 3842 1139 3900 enim
1161 3839 1243 3900 Gras-

113 3964 215 4004 oorum
237 3943 370 4018 fabulas,
393 3963 454 4003 non
476 3942 652 4002 Latinorum
679 3945 872 4021 antiquorum
898 3945 929 4002 in
955 3963 1043 4003 auum
1064 3963 1150 4003 usum
1173 3963 1242 4003 cou-

112 4045 265 4118 vertebat,
290 4045 413 4123 stilique
435 4044 600 4104 similitudo
622 4045 689 4103 fiori
710 4051 812 4121 potest
831 4050 867 4104 ut
889 4045 1022 4105 eiusdem
1044 4046 1159 4118 aetatis,
1182 4063 1242 4104 non

112 4149 218 4226 utique
241 4146 376 4205 eiusdem
397 4151 493 4224 poeta
520 4146 663 4205 indicium
691 4147 741 4206 sit.
785 4148 933 4206 Incertam
961 4167 1024 4206 rem
1052 4147 1159 4218 finisse,
1181 4165 1243 4205 non

114 4253 159 4306 est
179 4250 297 4319 mirum,
321 4268 410 4324 quam
432 4248 471 4306 ab
493 4248 580 4306 initio
602 4267 690 4307 nemo
714 4247 874 4307 admodum
897 4253 1039 4320 curasset,
1062 4248 1242 4326 posteriores

114 4355 210 4410 autern
232 4350 410 4409 histrionum
431 4349 494 4409 fere
516 4350 695 4409 auctoritate
715 4351 812 4408 nisam
835 4350 1027 4424 accepissent.
1072 4348 1242 4408 Histriones

988 4459 1036 4514 10*
