2956 5018
602 859 787 924 LIBANUS
816 859 987 926 SERUOS.

233 1015 351 1080 Hercle
373 1037 462 1095 uero,
486 1013 619 1094 Libane,
641 1034 729 1080 nunc
749 1021 783 1079 te
806 1013 937 1080 meliust
959 1015 1193 1099 expergiscier3

233 1123 354 1208 [Atque
378 1129 514 1205 argento
538 1123 759 1206 comparando
782 1123 905 1206 fingere
927 1121 1119 1207 fallaciam]

233 1232 304 1298 Iam
331 1232 418 1298 diust
445 1231 583 1312 factum,
611 1253 710 1316 quom
738 1232 868 1296 discesti
897 1231 1019 1297 abero
1048 1239 1147 1318 atque
1175 1233 1290 1298 abiisti
1317 1233 1362 1298 ad

947 1339 1063 1406 forum.

232 1449 345 1533 Igitur,
368 1449 568 1515 inueniundo
591 1455 727 1531 argento
750 1455 787 1514 ut
808 1448 948 1531 fingeres
969 1448 1146 1529 fallaciam,
1311 1450 1362 1504 250

192 1575 196 1586 ·
232 1557 283 1622 Ibi
303 1565 341 1622 tu
364 1557 491 1623 adhoc
515 1558 579 1624 diei
601 1566 731 1642 tempus
754 1558 940 1624 dormitasti
962 1559 996 1622 in
1020 1558 1111 1624 otio?

233 1666 319 1744 Quin
341 1672 378 1731 tu
400 1667 461 1732 abs
484 1673 517 1732 te
540 1668 722 1732 socordiam
746 1687 873 1732 omnem
896 1667 983 1731 reice
1003 1673 1036 1732 et
1054 1666 1227 1748 segnitiem
1243 1687 1361 1732 amone

231 1775 338 1859 Atque
362 1775 404 1840 ad
426 1777 593 1857 ingenium
614 1782 710 1841 uetus
732 1782 903 1841 uersutum
925 1776 1036 1860 recipe
1058 1781 1092 1840 te
1114 1775 1231 1840 tuum?

233 1882 336 1948 Serua
359 1905 465 1965 erum,
490 1905 570 1948 caue
592 1891 630 1949 tu
652 1883 739 1948 idem
760 1883 853 1962 faxis,
879 1884 935 1948 alii
958 1883 1046 1966 quod
1068 1883 1154 1948 serui
1177 1883 1295 1962 solent,

106 2028 112 2044 ·
151 2027 157 2037 ·
232 1991 296 2069 Qui
319 1991 361 2056 ed
384 1993 431 2056 eri
453 1991 696 2057 fraudationem
719 1990 874 2056 callidum
896 1994 1060 2074 ingenium
1083 1997 1209 2074 gerunt.
1310 2000 1363 2053 tto

231 2097 325 2165 Unde
352 2102 500 2165 sumam?
528 2121 626 2185 quem
652 2102 893 2166 internortam?
921 2122 987 2184 qno
1009 2099 1093 2164 hane
1116 2097 1262 2164 celocem
1284 2119 1362 2164 con-

368 2215 372 2222 '
948 2208 1076 2274 feram?

231 2315 436 2399 Inpetritum,
458 2317 733 2397 inauguratumst3
756 2317 873 2401 quouis
895 2316 1074 2382 admittunt
1095 2337 1182 2381 aues.

231 2424 328 2490 Picus
351 2431 384 2490 et
406 2426 519 2490 cornia
542 2423 584 2490 ab
607 2424 714 2505 laeua,
738 2443 863 2504 coruos,
886 2445 984 2508 parra
1006 2425 1047 2489 ab
1071 2424 1206 2490 dextera

233 2531 457 2613 Consuadent3
481 2539 605 2598 certum
627 2531 769 2598 herclest
794 2541 940 2598 nostram
969 2533 1123 2615 consequi
1152 2534 1361 2597 sententiam.

234 2639 299 2705 Sed
333 2640 412 2725 quid
441 2639 518 2720 hoc,
553 2641 641 2724 qnod
673 2643 766 2724 picus
799 2641 923 2706 ulmum
955 2641 1088 2706 tundit?
1121 2663 1186 2706 non
1219 2647 1362 2706 temera·

949 2750 1075 2814 riumst.
1310 2749 1364 2802 2⁰⁰

234 2855 331 2921 Certe
354 2856 464 2922 hercle
487 2876 547 2938 ego
571 2863 727 2941 quantum
751 2877 790 2922 ex
813 2859 950 2939 augurio
973 2859 1043 2922 eius
1059 2851 1132 2941 ‘pici
1153 2857 1321 2940 intellego,

232 2965 298 3030 Ant
320 2965 399 3030 mihi
420 2967 453 3029 in
476 2963 595 3030 mundo
618 2971 693 3030 sunt
714 2967 828 3048 uirgae
851 2972 910 3031 aut
931 2967 1067 3032 atriensi
1090 2967 1244 3032 Saureae.

233 3072 400 3157 Sedquid
421 3073 508 3151 illuc,
532 3072 620 3157 quod
643 3075 847 3139 exanimatus
871 3077 973 3140 currit
993 3074 1057 3140 buc
1079 3072 1247 3140 Leonida?

233 3181 354 3262 Metuo,
377 3203 474 3264 quom
496 3181 565 3246 illic
587 3181 801 3246 obseaeuauit
822 3203 914 3248 meae
937 3181 1039 3248 falsae
1061 3181 1222 3280 fallaciae.

445 3461 636 3526 LEONIDA
679 3460 873 3542 LIBANUS,
897 3461 1025 3528 SERUI
1048 3461 1146 3528 DUO.

708 3613 886 3680 Leonida

234 3725 297 3789 Ubi
320 3747 379 3808 ego
397 3724 558 3789 Libanum
580 3743 667 3788 nunc
688 3725 854 3807 requiram
876 3731 934 3789 aut
954 3723 1151 3795 familiarem
1173 3723 1285 3805 filium,
1311 3733 1361 3787 265

233 3832 278 3897 Ut
300 3853 360 3914 ego
383 3831 457 3897 illos
479 3831 680 3897 lubentiores
702 3831 822 3896 faciam
846 3852 944 3916 quam
966 3831 1184 3897 Lubentiast?

233 3940 419 4022 Maxumam
442 3940 600 4023 praedam
622 3947 656 4004 et
678 3940 879 4026 triumphum
902 3941 949 4004 eis
972 3939 1085 4005 adfero
1109 3941 1255 4006 aduentu
1276 3963 1359 4007 meo.

234 4048 372 4126 Quando
395 4069 522 4114 mecum
545 4049 671 4132 pariter
693 4054 819 4132 potant,
842 4049 969 4131 pariter
991 4049 1131 4114 scortari
1154 4049 1271 4130 solent,

302 4305 352 4358 249
370 4303 454 4358 abisti
523 4304 574 4358 253
591 4308 621 4357 te
636 4304 739 4373 recipis
806 4306 856 4358 257
874 4305 1007 4358 amittunt
1074 4307 1247 4358 eoscos-nex
1265 4306 1360 4360 catab

233 4407 318 4459 porro
387 4391 436 4444 aer
456 4389 573 4458 augurio
591 4389 708 4458 auspicii
778 4391 829 4444 264
846 4389 921 4458 qnod
938 4390 995 4443 illic
1013 4390 1193 4444 obscernauit
