2956 5018
559 518 769 591 Prolegomena.
1167 529 1228 592 145

101 709 220 772 Romam
247 713 376 774 rediisse
404 715 530 793 viteque
562 716 763 775 sustentanda
796 735 885 774 musa
915 715 954 774 ad
987 715 1229 796 circumagendas

99 813 204 888 molas,
228 836 297 894 quse
318 817 473 876 husatfles
495 818 701 895 appellantur,
724 819 833 896 pistori
854 837 976 896 operam
998 838 1083 878 suam
1103 819 1228 879 locasse.

98 913 130 974 In
151 917 284 994 pistrino
313 923 378 979 tres
400 939 468 978 enm
489 919 607 979 fabulas
627 920 782 997 scripsisse
802 949 847 962 -
869 919 996 980 dnarnm
1016 922 1138 980 nomina
1159 921 1228 982 (iel-

97 1017 152 1077 lius
172 1019 232 1094 111,
259 1023 294 1096 3,
327 1023 366 1081 14
401 1023 591 1096 meminerat,
621 1021 810 1082 Saturionem
845 1027 877 1082 et
901 1022 1065 1082 Addictum
1091 1052 1136 1064 -
1162 1042 1229 1102 quie

99 1139 188 1197 quum
231 1122 435 1201 placuissent,
474 1123 581 1203 populi
618 1123 721 1184 farore
760 1123 872 1183 elatum
914 1123 1084 1184 liberaliter
1126 1127 1229 1185 vivere

95 1223 230 1300 potuisse
263 1245 465 1304 magnumque
495 1225 667 1285 fabularum
703 1245 858 1285 numerum
894 1245 951 1303 per
987 1226 1098 1286 multos
1136 1245 1229 1286 annos

97 1323 242 1385 demisse.
289 1326 362 1398 Qun
384 1329 518 1406 quamvis
540 1332 722 1404 exaggerata
746 1347 810 1386 esse
832 1327 962 1405 possint,
984 1331 1087 1388 tamen
1107 1331 1140 1388 in
1161 1330 1229 1388 nni·

95 1445 212 1486 versum
235 1430 303 1488 veri
324 1430 524 1490 similitudine
540 1451 602 1489 non
619 1434 730 1490 carent.
758 1429 890 1488 Fabulae
907 1429 1014 1488 docere
1030 1432 1090 1490 iam
1106 1430 1230 1491 secundi

95 1525 199 1588 Punici
215 1529 293 1590 belli
306 1514 448 1610 tempore
463 1533 627 1610 inceperat,
650 1533 676 1590 si
693 1531 813 1610 quidem
830 1531 974 1604 Nerium,
998 1533 1050 1610 qni
1068 1553 1146 1592 anno
1166 1531 1230 1593 204

96 1635 231 1692 mortuus
248 1651 315 1692 esse
333 1633 451 1708 dicitur,
468 1639 504 1693 ut
519 1636 620 1693 vivum
637 1636 851 1694 commemorat
867 1634 900 1692 in
910 1634 1019 1708 Milite,
1036 1653 1065 1692 v.
1079 1634 1156 1708 2133
1174 1653 1229 1693 nec

95 1730 188 1792 multo
212 1739 286 1794 ante
307 1739 436 1794 mortem
458 1735 581 1794 desiisse
603 1755 766 1808 censemus,
785 1736 898 1813 quippe
920 1755 1008 1813 quem
1030 1737 1119 1795 senili
1142 1741 1230 1796 aetate

95 1833 311 1895 Truculentum
345 1841 377 1896 et
407 1836 590 1897 Pseudolum
622 1837 776 1916 scripsisse
809 1836 913 1896 Cicero
946 1841 1083 1896 testetur.
1129 1839 1229 1916 Atque

94 1937 212 1996 utinam
242 1943 382 1998 extarent
409 1939 580 1999 didascdiae
601 1939 762 2012 Plautinae,
791 1959 917 2017 quarum
945 1938 1005 1998 fide
1037 1937 1109 1997 ireti
1142 1959 1229 1998 suum

96 2041 203 2116 cuique
226 2039 336 2100 fabule
354 2061 464 2100 aunum
485 2041 620 2100 tribuere
635 2041 804 2119 possemus!
829 2039 889 2100 Sed
909 2059 1072 2119 numquam
1094 2041 1229 2100 extitisse

95 2140 249 2201 videntur.
294 2141 372 2202 Nam
398 2142 587 2202 Terentianis
619 2143 733 2202 similes
765 2143 792 2201 si
818 2141 1027 2201 Plautinarnm
1058 2141 1228 2202 fabularum

98 2241 270 2303 didascahoe
292 2245 430 2318 fuissent,
452 2265 513 2304 non
534 2249 596 2304 tam
618 2245 733 2304 incerta
754 2249 834 2303 esset
853 2243 960 2303 harum
979 2263 1079 2303 rerum
1098 2245 1230 2304 omnium

97 2346 242 2420 cognitio,
260 2365 317 2404 uec
334 2345 371 2404 de
391 2351 510 2406 anctore
528 2348 594 2425 ipso
612 2350 675 2406 tam
691 2345 884 2406 vehementer
900 2345 1086 2405 dubitassent
1102 2347 1228 2424 antiqui.

98 2445 195 2518 Quare
218 2449 245 2507 si
267 2466 335 2526 qnoe
357 2452 464 2526 postea
484 2448 576 2508 editis
597 2448 708 2508 fabulis
726 2447 836 2506 addita
853 2447 1031 2522 legebantur
1048 2447 1228 2521 didascalia,

99 2566 146 2606 eas
167 2568 292 2608 necesse
314 2554 361 2608 est
382 2549 556 2609 addiderint
576 2551 668 2628 primi
690 2549 831 2623 editores,
855 2549 931 2609 Stilo
955 2549 1077 2626 eiusque
1099 2549 1229 2628 aequales

98 2652 293 2726 grammaiid.
327 2650 441 2710 Eorum
462 2656 563 2711 autem
583 2656 670 2710 tanta
685 2652 794 2727 religio
813 2651 880 2724 fuit,
899 2654 934 2710 ut
949 2669 1009 2709 uon
1025 2656 1138 2710 temere
1154 2652 1230 2712 talia

98 2751 254 2827 fingerent,
278 2752 333 2811 sed
353 2757 418 2812 tum
440 2753 560 2814 demum
580 2753 691 2813 litteris
714 2755 940 2828 consignarent,
964 2753 990 2811 si
1013 2751 1087 2830 qnid
1108 2752 1228 2811 aliunde

99 2855 244 2932 traditum
259 2874 292 2913 se
308 2855 420 2914 habere
439 2859 588 2933 putarent,
605 2855 638 2914 id
655 2855 737 2934 quod
758 2875 881 2932 perraro
904 2853 970 2913 fieri
991 2855 1100 2931 potnit.
1128 2853 1229 2915 Unum

100 2957 162 3016 eius
192 2955 278 3016 modi
312 2957 479 3034 exemplum
511 2956 678 3016 Pseudolus
718 2955 819 3016 afferri
853 2975 943 3034 posse
976 2955 1111 3028 videtin,
1145 2955 1229 3014 cuius

101 3057 270 3118 didmoaliae
301 3059 437 3136 reliquias
472 3061 588 3134 exigua
621 3057 782 3118 admodum
812 3058 845 3116 iu
877 3057 1073 3135 palimpsesto
1101 3055 1228 3115 Ambro-

100 3155 181 3220 siano
201 3162 333 3220 inventa
355 3164 435 3218 sunt.
481 3159 560 3232 Quas
587 3161 613 3219 ei
640 3163 722 3219 recte
749 3150 983 3237 interpretatum
1006 3163 1053 3217 est
1072 3157 1230 3217 Ritscbelii

101 3281 223 3321 muman
246 3257 380 3338 (Parerg.
397 3261 530 3320 Plautin.
548 3260 617 3320 Ter.
639 3282 670 3339 p.
694 3263 755 3322 283
780 3256 871 3339 sqq),
894 3260 971 3319 banc
992 3259 1123 3319 fabulam
1140 3259 1229 3318 Plau·

101 3367 148 3422 tus
168 3364 275 3423 docuit
296 3383 373 3422 auno
397 3383 423 3421 a.
440 3362 508 3423 Chr.
531 3383 561 3422 n.
584 3364 642 3422 191
666 3362 747 3422 ludis
763 3362 966 3437 Megalesibus
988 3363 1020 3420 in
1042 3360 1229 3420 dedicatione

102 3465 169 3525 adis
183 3465 304 3540 Magna
321 3464 427 3524 Matris
443 3464 566 3523 habitis.
599 3463 735 3523 Alteram
758 3464 949 3523 didascaliam
972 3463 1012 3522 ad
1033 3482 1143 3522 anunm
1166 3463 1228 3522 200

100 3569 302 3642 pertinentem
333 3565 392 3626 iam
425 3565 524 3624 Maius
556 3567 589 3625 in
623 3566 729 3627 eodem
761 3565 861 3625 codice
894 3566 1023 3642 legerat;
1062 3563 1229 3622 accuratius

102 3669 195 3729 edidit
221 3666 403 3726 Ritscbeliue
435 3669 467 3725 in
494 3666 633 3742 Parergis
661 3687 690 3744 p.
716 3668 787 3726 261.
842 3665 918 3727 Eam
944 3665 1038 3726 Stichi
1071 3683 1135 3723 esse
1161 3663 1229 3723 Rite

101 3770 227 3829 schelius
248 3767 469 3846 suspicabatur,
493 3773 525 3828 et
545 3769 615 3828 hnic
636 3769 746 3828 fabulae
767 3769 934 3847 praeposuit
952 3766 1175 3826 Fleckeisenins
1196 3767 1229 3825 in

102 3871 247 3943 editione,
270 3871 385 3928 cautius
400 3871 465 3948 ipse
482 3870 662 3930 Ritscbeliue
679 3872 786 3944 omisit,
807 3871 920 3948 quippe
939 3889 1028 3948 qnam
1045 3868 1085 3928 ad
1095 3869 1229 3928 Terentii

103 3972 256 4050 Adelphos
277 3972 430 4049 pertinere
452 3976 484 4030 et
503 3991 613 4032 nomen
642 3973 741 4048 ipsum
771 3971 912 4031 ostendat
933 3977 964 4030 et
985 3971 1082 4029 exitus
1105 3969 1229 4048 Hecyrae

102 4073 288 4134 Terentianae
315 4075 348 4131 in
376 4093 481 4132 aversa
505 4074 573 4133 folii
594 4077 681 4149 parte
702 4072 798 4132 lectus
821 4093 839 4132 a
860 4073 1012 4152 Gepperto
1035 4069 1149 4147 (Ueber
1171 4072 1229 4132 den

103 4177 201 4237 Codex
221 4175 438 4235 Ambrosianus
460 4195 490 4252 p.
516 4170 585 4248 10);
609 4175 692 4234 cuius
714 4174 822 4234 fabulae
845 4175 927 4234 aetati
949 4193 1008 4251 quo
1031 4193 1133 4234 errore
1156 4193 1228 4250 qua·

104 4277 239 4355 draginta
260 4278 332 4336 anui
353 4275 450 4336 additi
472 4279 540 4348 siut,
564 4295 618 4334 nos
641 4275 776 4335 divinare
797 4293 857 4333 non
878 4294 1045 4352 possiumus.
1087 4273 1229 4334 Externis

104 4380 281 4437 testimoniis
299 4377 447 4451 destituti,
467 4397 526 4455 quo
544 4381 680 4455 tempore
697 4395 823 4455 quaeque
840 4375 942 4434 fabula
959 4381 1025 4435 acta
1043 4377 1092 4449 sit,
1109 4375 1228 4434 indiciis

992 4489 1120 4568 ιοΙ
