2956 5018
528 495 739 566 Prolegomena
1137 503 1198 566 163

71 686 137 747 Hec.
158 687 281 766 prolog.
303 688 348 748 11:
387 687 513 762 „Orator
539 689 578 748 ad
606 709 662 750 uos
693 689 782 748 uenio
814 696 923 750 ornatu
950 688 1099 768 prologi“,
1128 692 1148 752 i.
1171 713 1197 753 e.

70 791 137 849 olea
169 811 291 850 ramum
318 811 439 869 gerens,
467 791 550 869 quod
577 792 725 869 supplices
758 791 897 866 decebat,
932 793 1051 870 qualem
1083 796 1200 873 pictura

71 913 239 971 expressum
262 893 369 954 videre
389 895 461 954 licet
481 896 513 954 in
531 895 676 956 Vaticano
698 895 831 955 Terentii
853 895 954 956 codice
979 893 1020 970 (v.
1040 897 1198 958 Wieseler:

70 995 332 1075 Theatargehaude
354 1019 383 1057 u.
406 998 589 1060 Denhmdler
610 997 663 1058 des
683 997 921 1060 Bithneuwesens
943 999 981 1074 X,
1006 995 1049 1074 8).

150 1099 212 1159 Nec
240 1101 342 1162 minus
369 1103 528 1162 necessarii
554 1102 591 1160 iis
618 1101 675 1160 visi
697 1105 767 1161 sunt
788 1101 921 1180 prologI,
951 1103 1003 1180 qui
1030 1123 1099 1162 mox
1128 1103 1199 1165 defi·

71 1201 210 1262 cientibus
250 1205 339 1264 nouis
376 1203 486 1264 fabulis
525 1205 663 1283 antiquas
691 1204 793 1264 Plauti
826 1204 985 1264 comoedias
1018 1207 1199 1266 retulerunt.

72 1303 156 1364 Cuius
177 1307 223 1366 rei
246 1307 448 1368 certissimum
469 1308 675 1368 testimonium
701 1310 786 1366 extat
807 1305 948 1368 Casina
969 1309 1125 1387 prologus,
1148 1309 1201 1370 ubi

71 1405 172 1468 histrio
195 1415 361 1489 postquam
382 1415 566 1490 spectatores
587 1410 702 1470 saluere
723 1410 818 1484 iussit,
852 1465 859 1482 ,

155 1512 235 1585 ,llos
262 1511 400 1593 “inquit„
424 1519 582 1592 postquam
603 1512 710 1592 populi
730 1532 850 1574 rumore
872 1514 1082 1590 intelleximus,

152 1613 298 1680 Studiose
320 1621 460 1695 expetere
482 1636 536 1676 noe
558 1615 712 1676 Plautinas
733 1616 859 1690 fabulas,
886 1651 888 1658 ν

152 1717 323 1797 Antiquam
345 1722 408 1780 eius
431 1719 579 1782 edidimus
601 1717 784 1794 comediam,

154 1820 251 1894 Quem
273 1843 332 1884 uos
352 1822 510 1900 probastis,
534 1822 587 1900 qni
609 1823 680 1883 estis
702 1823 733 1880 in
755 1821 937 1895 senioribus;

153 1918 230 1986 Nem
252 1926 407 1986 iuniorum
427 1926 480 2004 qui
502 1929 581 1999 eunt,
604 1945 665 1986 non
687 1930 806 1998 norunt,
828 1923 921 1984 scio“.

76 2021 147 2082 lluic
167 2031 232 2087 tam
255 2028 361 2088 similis
383 2035 430 2088 est
450 2029 593 2088 Poenuli
614 2028 767 2106 prologus,
790 2027 1078 2104 Amphitruonis
1099 2028 1201 2101 etiam,

77 2145 160 2202 quem
174 2129 347 2191 Mercurius
363 2130 453 2192 Sosiae
471 2151 630 2208 personam
646 2149 762 2209 gerens,
786 2134 817 2190 et
835 2129 1089 2208 Captivorum,
1114 2150 1203 2208 quem

78 2233 221 2304 parasitus
244 2235 435 2312 pronuntiat,
464 2239 500 2293 ut
529 2234 661 2294 musdem
688 2232 788 2294 aetatis
810 2233 973 2310 similisque
995 2233 1118 2311 originis
1141 2253 1204 2292 ease

79 2341 233 2412 appareat,
257 2337 431 2416 Plautoque
458 2343 511 2398 aut
532 2337 607 2398 nihil
631 2342 684 2397 ent
704 2336 869 2414 perexigua
891 2355 995 2396 eorum
1016 2355 1087 2415 pars
1111 2338 1204 2414 assig-

80 2537 123 2595 vel
142 2541 258 2628 inutilis
282 2543 452 2620 loquacitas
474 2544 582 2604 horum
603 2541 816 2620 prologorum?
849 2542 921 2602 Noli
941 2541 1035 2618 igitur
1055 2543 1203 2616 dubitare,

83 2641 148 2715 quin
168 2663 217 2704 eos
239 2650 324 2705 recte
340 2647 521 2706 Ritschelius
546 2643 682 2722 (Parerg.
695 2646 826 2705 Plautin.
840 2645 960 2705 Terent.
983 2665 1013 2724 p.
1041 2647 1100 2705 180
1113 2641 1204 2723 sqq.)

84 2743 118 2800 ad
142 2747 274 2807 medium
303 2769 330 2808 a.
354 2748 423 2808 Ghr.
452 2770 481 2808 n.
511 2750 652 2808 seculum
684 2750 895 2826 proximosque
930 2768 1024 2808 annos
1056 2749 1204 2821 retulerit,

84 2863 137 2919 quo
163 2853 302 2930 tempore
324 2850 439 2911 Gasinae
471 2851 615 2928 prologus
648 2872 679 2912 se
706 2853 771 2928 ipse
799 2852 943 2929 scriptum
971 2871 1035 2910 esse
1063 2856 1204 2926 testatur,

84 2956 239 3022 prasertim
265 2973 356 3032 quum
379 2959 517 3014 accurate
541 2955 724 3014 examinanti
744 2953 903 3014 historiam
919 2954 964 3013 rei
981 2955 1104 3014 scenice
1126 2953 1204 3033 apud

85 3049 225 3116 Romanos
247 3058 319 3116 huic
341 3057 460 3118 demum
482 3058 565 3117 atati
589 3077 625 3116 ea
646 3058 758 3117 theatri
780 3058 901 3134 species,
926 3075 992 3134 quae
1014 3057 1046 3114 in
1067 3057 1113 3115 his
1136 3077 1206 3134 pro·

85 3150 155 3228 logis
175 3165 436 3235 commemoratur,
460 3159 618 3221 convenire
634 3159 782 3220 videatur.
813 3157 844 3218 Si
862 3159 982 3236 quidem
1001 3179 1078 3217 anno
1096 3179 1122 3218 a.
1137 3159 1205 3219 Ghr.

86 3273 112 3312 n.
131 3258 187 3319 154
207 3283 301 3340 quum
320 3263 439 3323 Cassius
456 3263 610 3340 Longinus
632 3282 740 3322 censor
759 3263 912 3321 theatrum
934 3260 1086 3339 lapideum
1107 3263 1206 3321 facere

87 3355 272 3440 instituisset,
301 3365 358 3426 hoc
385 3371 508 3426 senatus
536 3365 674 3443 Scipione
696 3365 808 3426 Nasica
838 3369 960 3425 auctore
989 3365 1205 3425 demoliendum

88 3466 207 3542 censuit,
237 3473 271 3528 et
297 3473 418 3528 senatus
446 3469 582 3528 consulto
610 3474 732 3528 cautum
756 3473 817 3542 est,
840 3489 878 3528 ne
901 3469 968 3545 quis
989 3467 1021 3527 in
1042 3467 1115 3527 urbe
1137 3487 1207 3544 pro-

90 3563 183 3637 plusve
208 3591 316 3648 passus
343 3571 425 3632 mille
452 3571 595 3632 subsellia
622 3573 758 3649 posuisse
787 3571 930 3632 sedensue
956 3570 1045 3629 ludos
1072 3575 1208 3646 spectare

90 3667 172 3728 vellet
190 3670 270 3748 (val.
281 3673 363 3734 Max.
375 3675 414 3748 11,
433 3675 462 3748 4,
481 3671 529 3749 2);
547 3694 605 3752 quo
622 3674 735 3734 factum
752 3677 806 3746 est,
825 3677 860 3732 ut
876 3672 1005 3751 populus
1022 3671 1207 3750 aliquamdiu

93 3773 167 3832 stans
185 3777 275 3838 ludos
296 3783 454 3855 spectaret,
473 3783 509 3838 ut
526 3778 569 3836 sit
585 3777 637 3855 qui
650 3777 729 3836 Liuii
745 3776 855 3838 librum
866 3773 994 3836 XLVIII
1011 3775 1042 3833 in
1059 3775 1209 3851 epitomen

93 3878 245 3954 contraxit,
275 3881 404 3958 populns
432 3880 567 3957 quidem,
597 3881 617 3938 i.
642 3901 667 3940 e.
689 3880 790 3958 plebs,
823 3899 894 3938 nam
927 3877 1115 3938 senatoribus
1148 3879 1209 3937 iam

96 3991 119 4030 a·
142 3978 197 4039 194
225 4003 252 4042 a.
276 3982 345 4042 Chr.
373 4001 403 4042 n.
426 3989 558 4043 secretus
587 4003 605 4042 e
631 3983 744 4061 populo
771 3982 929 4060 spectandi
955 3981 1038 4041 locus
1065 3979 1229 4058 praebitus.

95 4085 165 4155 trel,
192 4092 225 4145 ut
254 4085 298 4145 ait
318 4084 422 4146 Livius
444 4085 582 4159 XXXIV,
609 4087 658 4145 54.
709 4085 769 4146 Sed
796 4090 859 4144 tam
892 4103 997 4144 severa
1029 4083 1211 4143 abstinentia

97 4197 148 4240 non
167 4185 215 4248 diu
236 4188 372 4262 durarit,
396 4194 427 4247 et
448 4195 519 4267 post
540 4208 651 4266 paucos
680 4179 775 4248 annos
804 4186 842 4246 ad
865 4187 1018 4264 exemplar
1040 4185 1211 4246 Graecorum

97 4280 271 4352 theatrorum
293 4309 353 4350 non
375 4291 503 4370 lapideis
526 4292 655 4368 quidem,
680 4290 733 4351 sed
754 4291 860 4365 lIgneis
882 4289 1121 4367 spectaculorum
1143 4309 1211 4366 gra·

101 4381 175 4450 dibus
195 4415 286 4456 cavea
308 4393 521 4472 complebatur.
566 4393 728 4454 Nam‘nisi
757 4393 831 4452 certi
860 4391 971 4470 gradus
993 4391 1212 4469 spectatoribus

959 4504 1007 4557 ll*
