2992 5054
208 423 248 480 40
726 419 819 472 Plauti
1148 419 1183 486 Π,
1197 423 1334 486 122-35

654 608 892 694 Amphitruo

206 712 334 796 Edepol
357 735 409 778 me
432 715 527 780 uxori
550 722 743 800 exoptatum
766 717 864 782 credo
887 715 1106 781 aduenturum
1129 703 1269 797 domum,

207 822 297 899 Quae
316 844 368 886 me
389 830 485 902 amat,
504 845 602 908 quam
620 829 737 889 eontra
759 846 841 902 amu,
865 825 1062 908 praesertim
1078 847 1115 891 re
1131 826 1330 909 gestabam,

205 929 312 996 Uietis
333 931 499 1012 hostibus;
523 953 605 1015 quos
627 953 723 997 nemo
746 953 842 1016 posse
865 933 1013 1016 superari
1035 940 1153 1015 retest,

207 1038 272 1105 Eos
295 1041 442 1124 auspicio
464 1062 537 1107 meo
561 1047 661 1125 atque
683 1041 820 1106 inductu
842 1043 947 1124 primo
971 1047 1066 1107 eoetu
1089 1045 1238 1110 uicimus.
1283 1054 1333 1107 65⁰

208 1148 305 1214 Certe
328 1151 414 1214 enim
437 1171 488 1214 me
510 1149 558 1215 ilii
582 1156 791 1233 expectatum
815 1157 930 1235 optato
953 1157 1128 1216 uenturum
1150 1153 1227 1218 scio.

714 1257 830 1324 Sosia

208 1366 314 1443 Quid?
337 1366 390 1432 Me
412 1389 478 1432 non
500 1389 572 1432 rere
596 1373 804 1450 expectatum
828 1368 953 1432 amicae
976 1373 1152 1432 uenturum
1173 1370 1287 1434 meae?

667 1475 884 1542 Alcumena

207 1580 300 1646 Meus
322 1584 374 1647 uir
396 1583 449 1648 hie
472 1584 644 1669 quidemst.
757 1637 763 1646 .

655 1692 893 1777 Amphitruo

673 1801 819 1886 Sequere
841 1801 903 1866 hac
923 1809 961 1867 111
982 1824 1043 1868 me.

664 1926 883 1991 Alcumena

861 2035 945 2100 Nam
967 2035 1045 2120 quid
1068 2037 1123 2102 ille
1145 2039 1335 2116 reuertitur,

167 2205 171 2214 ,
207 2139 271 2218 Qui
294 2140 417 2206 dudum
440 2165 619 2228 properare
642 2165 677 2208 se
700 2142 813 2208 aibat?
841 2143 891 2208 An
913 2143 970 2208 ille
992 2167 1044 2210 me
1065 2151 1207 2230 temptat
1230 2147 1334 2212 sciens

207 2250 317 2336 Atque
339 2252 372 2316 id
396 2273 431 2317 se
452 2252 523 2318 uolt
545 2253 695 2335 experiri,
720 2275 814 2317 suum
837 2251 962 2317 abitum
985 2259 1022 2318 ut
1045 2237 1251 2320 desiderem?
1284 2263 1335 2316 655

208 2358 348 2426 Ecastor
370 2363 446 2426 med
466 2360 556 2426 haud
577 2361 683 2425 inuita
706 2381 740 2425 se
763 2361 894 2425 domum
916 2363 1035 2445 recipit
1057 2385 1158 2428 suam.

715 2489 830 2554 Sosia

207 2598 411 2684 Amphitruo,
435 2599 542 2664 redire
566 2598 608 2663 ad
630 2619 749 2662 nauem
771 2598 902 2664 meliust
923 2621 991 2664 nos.

655 2728 893 2814 Amphitruo

841 2831 844 2838 ’
1003 2841 1077 2920 Qua
1099 2843 1230 2926 gratia?

716 2946 832 3012 Sosia

208 3059 293 3137 Quia
316 3057 401 3122 domi
427 3056 566 3120 daturus
589 3063 716 3120 nemost
738 3055 912 3138 prandium
936 3056 1197 3124 aduenientibus.

656 3186 893 3269 Amphitruo

209 3298 271 3377 Qui
293 3297 356 3361 tibi
378 3298 462 3361 istuc
485 3297 519 3360 in
541 3301 684 3360 mentem
705 3295 818 3360 uenit?
913 3315 917 3320 ·

715 3424 830 3490 Sosia

825 3535 907 3612 Quia
930 3535 1014 3600 euim
1037 3555 1112 3600 sero
1135 3535 1335 3601 aduenimus.

657 3662 893 3747 Amphitruo

209 3753 292 3831 Qui?

716 3858 831 3923 Sosia
941 3943 945 3952 ,

306 3968 391 4046 Quia
401 3967 615 4032 Alcumenam
629 3974 706 4031 ante
724 3967 815 4030 aedis
833 3973 922 4031 stare
940 3972 1086 4031 saturam
1102 3966 1265 4050 intellego.
1285 3975 1336 4028 660

277 4226 329 4278 654
346 4240 406 4276 sese
421 4223 518 4290 aiebat
565 4222 657 4276 1111
698 4221 825 4275 habitum
877 4224 929 4275 656
946 4239 991 4275 me
1042 4224 1093 4276 659
1111 4221 1164 4274 tibi
1176 4239 1250 4275 nune
1264 4221 1334 4274 iatue

208 4308 328 4375 61911111
347 4310 421 4361 enim
