2992 5054
757 512 850 566 Plauti
1180 511 1215 578 ll,
1233 515 1255 576 1,
1266 513 1367 565 'le-ss

745 701 865 768 Sosia

1021 785 1193 872 Nusquam
1212 787 1365 870 gentium.

686 894 923 979 Amphitruo

238 1009 289 1074 Ibi
310 1008 452 1074 fortasse
474 1008 573 1072 istum
595 1003 718 1070 uidisse
741 1003 905 1089 quendam
927 1004 960 1068 in
983 1005 1106 1070 somnis
1130 1004 1267 1070 Sosiam.
1318 1013 1367 1066 616

745 1113 861 1184 Sosia

237 1225 312 1291 Non
335 1225 424 1291 soleo
448 1245 508 1308 ego
532 1221 750 1288 somniculose
773 1222 821 1286 eri
843 1221 982 1305 impenie
1004 1223 1169 1307 persequi.
1257 1289 1260 1294 ,

237 1334 386 1418 Uigilens
408 1334 487 1414 uidi,
509 1334 559 1397 ee·
580 1330 721 1414 uigilans
744 1351 831 1395 nune
853 1329 959 1410 uideo,
981 1331 1122 1414 uigilans
1144 1330 1287 1413 fabulor,

237 1444 438 1528 Uigilantem
460 1441 515 1508 ille
538 1461 590 1506 me
612 1441 678 1505 iem
701 1438 824 1503 dudum
846 1438 986 1521 uigilans
1009 1441 1126 1526 pugnis
1150 1442 1309 1507 contudit.

684 1570 923 1654 Amphitruo

239 1659 319 1739 Quis
341 1659 462 1725 homo?

747 1764 862 1830 Sosia

466 1875 569 1956 Sosia,
583 1875 727 1959 inquam,
742 1893 802 1955 ego
814 1873 879 1937 ille.
903 1873 1042 1955 Quaeso,
1060 1896 1168 1940 nonne
1184 1877 1368 1962 intellegis?

684 1981 921 2064 Amphitruo

237 2094 315 2174 Qui,
349 2093 486 2174 melum,
518 2091 711 2174 intellegere
745 2091 919 2175 quisquam
952 2090 1039 2172 potis
1072 2093 1143 2156 est?
1181 2095 1230 2158 ite
1261 2117 1367 2180 nugas
1469 2163 1470 2180 χ

954 2196 1063 2264 blatis.
1314 2205 1368 2258 660

744 2306 860 2373 Sosis

236 2418 359 2484 Uerum
382 2423 531 2484 actutum
552 2437 668 2483 nosces
689 2451 731 2460 -

601 2509 604 2516 ⁴
682 2523 921 2606 Amphitruo

749 2631 876 2711 Quem?

743 2739 860 2805 Sosia

816 2847 913 2932 Illum
935 2871 1051 2916 nosees
1074 2872 1204 2917 seruom
1226 2853 1365 2920 Sosiam.
1468 2843 1469 2916 i

681 2955 917 3042 Amphitruo

234 3069 379 3153 Sequere
401 3066 463 3132 hnc
485 3067 585 3149 igitur
607 3087 675 3146 me;
697 3087 773 3131 nem
795 3055 873 3131 milii
896 3068 983 3132 istuc
1006 3069 1147 3150 primum
1169 3072 1368 3155 exquisitost
1468 3083 1469 3102 ¹

953 3197 1044 3260 opus.

234 3284 314 3369 [Sed
335 3284 412 3348 uide
436 3305 476 3348 ex
497 3283 575 3348 naui
597 3281 785 3348 ecferantur
807 3304 892 3367 quae
914 3285 1074 3368 impereui
1096 3287 1163 3352 iem
1186 3289 1304 3353 omnis.

740 3390 856 3456 Sosia

232 3503 277 3567 Et
298 3521 423 3566 memor
446 3521 516 3565 enm
539 3505 574 3564 et
596 3499 742 3582 diligens,
765 3505 803 3566 ut
825 3521 909 3585 ques
932 3504 1073 3586 imperes
1096 3513 1314 3588 conpareent3

232 3611 305 3676 Non
329 3631 388 3694 ego
412 3630 485 3674 eum
507 3610 585 3673 uino
609 3608 721 3672 simitu
743 3608 831 3674 ebibi
853 3612 1026 3695 imperium
1048 3621 1150 3678 tuum.
1311 3616 1367 3668 625

670 3716 736 3780 Am
743 3717 932 3802 phitru0]·

231 3827 369 3894 Utinam
390 3827 424 3891 di
439 3826 562 3906 ¹innunt,
583 3825 708 3890 infecte
731 3827 821 3892 diets
843 3849 879 3893 re
902 3829 1058 3894 eueniant
1079 3835 1147 3894 lue.

695 4047 898 4057 ——

300 4333 352 4384 615
369 4330 440 4384 forte
458 4331 543 4385 istum
562 4330 585 4384 si
604 4331 723 4384 uidisses
783 4333 834 4384 617
852 4333 894 4386 uti
912 4349 962 4387 em.
1021 4336 1072 4388 660
1089 4335 1187 4448 bletlis
1243 4338 1367 4393 66160-

233 4433 293 4470 sees
311 4433 395 4484 quem
412 4415 493 4470 illum
551 4417 602 4470 626
620 4420 681 4469 rete
699 4418 815 4470 uenient
904 4465 909 4474 .
