2956 5018
100 467 260 534 rare-os
584 467 718 520 nunna
933 503 948 532 .
1171 475 1208 534 91

527 656 775 740 Argyrippus

98 763 205 842 Mane,
231 785 337 843 mane,
367 763 459 843 audi,
487 763 554 842 dio,
583 762 662 846 quid
690 783 741 827 me
770 784 910 848 aequom
938 785 1050 830 censes
1074 787 1132 848 pro
1155 765 1213 830 illa

804 870 866 935 tibi
890 871 978 952 dare,

96 979 220 1044 Annum
240 978 325 1044 hunc
347 1001 389 1044 ne
413 1000 488 1044 cum
509 980 665 1064 quiquam
688 979 754 1044 alio
777 979 843 1044 sit?

557 1084 749 1151 Cleareta

817 1195 932 1260 Tune?
953 1196 1071 1279 uiginti
1093 1197 1213 1278 minas;

96 1301 198 1384 Atque
219 1324 257 1367 ea
278 1305 366 1385 lege:
391 1304 418 1368 si
440 1301 526 1368 alius
549 1301 591 1366 ad
613 1323 664 1366 me
687 1301 777 1386 prius
800 1302 958 1383 attulerit,
981 1309 1018 1369 tu
1040 1304 1124 1369 uale.

524 1411 775 1495 Argyrippus

95 1519 140 1582 nt
160 1540 215 1602 ego
238 1526 287 1584 est
309 1521 409 1585 etiam
432 1521 522 1603 prius
546 1540 644 1604 quam
666 1519 746 1598 abis,
770 1518 858 1600 quod
880 1518 956 1584 uolo
979 1518 1078 1604 loqui.

558 1619 750 1694 Cleareta

836 1734 899 1800 Dic
923 1736 1009 1819 quod
1032 1735 1134 1802 lubet.
1163 1745 1215 1798 280

528 1842 775 1926 Argyrippus

94 1952 165 2018 Non
185 1953 315 2018 omnino
337 1953 404 2016 iam
426 1952 522 2034 perii:
546 1957 596 2016 est
617 1951 785 2029 relicuum,
807 1973 872 2035 quo
895 1971 1028 2034 peream
1049 1951 1162 2034 magis.

94 2061 205 2126 Habeo
226 2061 314 2126 unde
336 2062 422 2126 istuc
445 2059 506 2124 tibi
528 2059 617 2144 quod
640 2060 747 2142 poscis
770 2059 859 2140 ‹lem3
883 2060 996 2125 sedin
1019 2061 1108 2141 leges
1124 2081 1215 2126 meas

93 2167 200 2248 Dabo,
227 2170 278 2233 uti
305 2169 390 2232 scire
416 2168 539 2250 possis,
567 2175 763 2252 perpetuum
796 2189 917 2232 annum
944 2166 1032 2233 huno
1059 2167 1138 2232 mihi
1166 2168 1215 2233 uti

806 2277 931 2341 seruiat

93 2386 159 2450 Nec
184 2405 380 2468 quemquam
407 2384 535 2448 interea
564 2383 663 2448 alium
692 2383 847 2448 admittat
874 2403 1009 2466 prorsus
1037 2403 1136 2466 quam
1163 2405 1215 2450 me
1244 2446 1246 2452 .

806 2490 904 2557 adse
927 2491 1043 2562 uirum.

558 2597 747 2663 Cleareta

95 2709 183 2788 Quin,
207 2710 235 2773 si
258 2716 295 2774 tu
317 2708 418 2788 uoles,
441 2707 530 2772 domi
552 2707 639 2770 serui
661 2707 717 2790 qui
740 2713 816 2770 sunt
838 2707 991 2772 castrabo
1014 2707 1111 2771 uiros.
1164 2715 1215 2768 235

94 2817 266 2898 Postremo,
289 2823 328 2881 ut
349 2815 441 2882 uoles
463 2835 523 2878 nos
546 2835 626 2891 esse,
648 2813 868 2898 syngraphum
890 2813 990 2880 facito
1014 2814 1152 2880 adieras.

93 2926 136 2990 Ut
156 2927 256 3005 uoles,
279 2930 319 2990 ut
340 2923 401 2988 tibi
423 2921 557 3001 iubebit,
580 2922 675 2986 nobis
697 2921 803 3004 legem
824 2923 987 3005 inponite,

94 3035 185 3100 Modo
207 3040 318 3100 tecum
339 3052 407 3096 una
428 3037 600 3112 argentum
623 3029 761 3110 adferto,
783 3029 881 3095 facile
903 3031 1014 3111 patiar
1037 3036 1157 3096 cetera.

526 3137 776 3221 Argyrippus
939 3119 943 3127 ’

94 3247 287 3313 Portitorum
301 3243 505 3311 'simillumae
528 3251 605 3310 sunt
626 3246 745 3310 ianuae
768 3247 933 3326 lenoniac;

95 3356 124 3420 Si
149 3355 272 3435 adfers,
301 3360 371 3419 tum
399 3359 529 3437 patent3
560 3353 588 3417 si
615 3375 680 3418 non
714 3360 764 3418 est
797 3353 885 3437 quod
919 3354 1005 3434 des,
1023 3353 1121 3418 aedes
1150 3374 1214 3418 non

804 3467 929 3545 patent.
1164 3461 1216 3513 240

93 3572 209 3652 interii,
234 3571 263 3636 si
285 3591 352 3634 non
373 3569 505 3634 inuenio
528 3590 588 3652 ego
611 3568 685 3634 illas
707 3569 825 3650 uiginti
846 3571 960 3648 minas,

93 3679 131 3744 Et
152 3679 319 3763 profecto,
343 3678 406 3742 nisi
427 3676 510 3742 illud
533 3676 635 3760 perdo
658 3684 845 3758 argentum,
869 3676 1104 3761 pereundumst
1125 3675 1213 3740 mihi.

92 3787 180 3852 Nunc
203 3805 338 3870 pergam
361 3785 404 3850 ad
426 3784 534 3850 forum
557 3791 655 3866 atque
678 3786 829 3868 experiar
852 3785 979 3868 opibus,
1000 3784 1087 3849 omni
1105 3784 1214 3868 copia;

92 3895 297 3980 supplicabo,
321 3893 554 3974 exobsecrabo,
575 3898 614 3958 ut
636 3914 798 3977 quemque
822 3894 962 3958 amicum
983 3891 1107 3958 uidero.

92 4003 220 4086 Dignos,
242 4001 395 4084 indignos
418 4001 510 4066 adire
532 4008 632 4085 atque
655 4001 797 4084 experiri
818 4007 885 4068 stat
905 3999 1000 4081 mihi;
1164 4001 1215 4056 245

92 4109 173 4174 Nam
194 4111 223 4174 si
244 4117 374 4174 mutuas
396 4131 463 4175 non
486 4115 611 4192 potero,
634 4114 792 4174 certumst
815 4130 941 4174 sumam
963 4109 1106 4174 faenore.

157 4345 205 4396 231
221 4342 358 4410 reliquum
402 4343 453 4396 233
467 4346 499 4394 ut
542 4343 592 4396 236
606 4341 794 4410 syngrapham
837 4341 889 4394 245
902 4341 1021 4408 experiri
1031 4340 1215 4394 certustmibi
