2992 5054
127 460 152 525 1,
165 464 188 526 1,
203 459 306 512 17-32
631 459 766 515 Asinaria

610 651 786 718 Libanus

174 756 243 824 Ubi
264 755 346 821 flent
367 777 510 842 nequam
531 757 687 840 homines,
710 761 765 842 qui
788 760 954 844 polentam
976 757 1143 846 pinsitant,

175 867 276 950 Apud
297 863 510 932 fustitudinas
531 865 761 951 ferricrepinas
783 868 915 949 insulas,

175 975 243 1041 Ubi
266 977 360 1040 uiuos
381 975 528 1040 homines
549 978 671 1041 mortui
692 978 862 1042 incursant
883 978 993 1043 boues.
1229 979 1263 1032 3⁶

569 1083 835 1150 Demaenetus

176 1192 278 1257 Modo
301 1191 358 1275 pol
379 1192 521 1276 percepi,
544 1191 679 1272 Libane,
702 1194 780 1278 quid
801 1195 888 1258 istuc
910 1196 955 1260 sit
976 1194 1057 1259 loci:

175 1301 246 1366 Ubi
268 1303 309 1382 fit
328 1299 471 1385 polenta,
494 1307 527 1366 te
549 1300 690 1367 sonasse
714 1302 833 1368 dicere.

408 1399 420 1424 '
613 1410 790 1476 Libanus

856 1518 916 1601 Ah,

176 1629 296 1711 Neque
319 1625 431 1691 hercle
454 1649 513 1710 ego
536 1627 622 1691 istuc
644 1628 718 1691 dico
740 1647 802 1691 nec
825 1626 949 1692 dictum
973 1627 1058 1711 nolo,

177 1739 292 1821 Teque
316 1735 454 1801 obsecro
476 1735 587 1802 hercle
609 1743 647 1801 nt
669 1757 753 1820 quae
775 1735 932 1800 locutus's
954 1736 1104 1820 despuas.

571 1844 838 1909 Demaenetus

144 1951 147 1956 “
176 1955 270 2034 Fiat3
294 1959 430 2036 geratur
451 1973 521 2018 mos
542 1953 613 2018 tibi.

615 2061 794 2127 Libanus

624 2170 695 2253 A'ge
719 2192 788 2254 age,
810 2191 913 2255 usque
937 2191 1064 2236 encres.
1233 2173 1269 2225 40

570 2300 839 2366 Demaenetus

179 2387 358 2452 Etiamne?

618 2494 794 2560 Libanus

370 2601 439 2684 Age
462 2621 584 2686 quaeso
607 2603 718 2668 hercle
741 2625 844 2688 usque
866 2624 907 2668 ex
929 2605 1050 2687 penitis
1072 2601 1232 2668 faucibus.

182 2712 296 2776 Etiam
318 2711 467 2794 amplius.

575 2819 845 2885 Demaenetus

484 2926 568 2992 Nam
590 2949 654 3010 qno
677 2928 804 3011 usque?

621 3034 797 3100 Libanus

802 3141 913 3226 Usque
936 3140 978 3206 ad
1000 3147 1139 3207 mortem
1160 3141 1247 3207 uolo.

576 3249 842 3316 Demaenetus

188 3355 277 3424 Caua
300 3358 344 3422 sis
365 3357 487 3422 malam
508 3379 587 3423 rem.

619 3465 795 3530 Libanus

598 3572 716 3639 Uxoris
740 3573 824 3652 dice,
847 3593 913 3637 non
935 3577 1035 3636 tuam.

576 3681 844 3745 Demaenetus

188 3789 283 3854 Dono
306 3795 339 3853 te
362 3787 404 3853 ob
426 3789 512 3853 istuc
536 3787 660 3853 dictum
681 3793 720 3852 ut
742 3807 857 3870 expers
880 3787 925 3851 sis
948 3793 1048 3852 metu.

625 3896 799 3961 Libanus

189 4005 232 4069 Di
253 4004 315 4069 tibi
337 4004 422 4070 dent¹
438 4025 688 4089 quaequomque
711 4010 812 4088 optes.

215 4261 249 4313 33
266 4257 392 4312 homines
414 4273 534 4326 nequam
577 4258 736 4326 pransitant
809 4259 843 4321 37
864 4256 898 4316 fic
919 4273 968 4314 cm.
1013 4259 1075 4313 Ahe
1149 4259 1183 4314 38
1205 4273 1272 4327 ergo

147 4345 182 4397 39
198 4343 309 4397 herclae
352 4344 464 4398 locutus
532 4346 565 4396 41
585 4343 684 4409 lecim
696 4349 767 4412 post
783 4345 826 4398 54.

1051 4449 1068 4500 6
