2956 5018
241 495 301 556 1'74
331 473 336 484 ⁸
697 487 908 559 Prolegomenu

238 683 363 757 omae.
381 683 405 757 1,
426 685 474 742 11.
506 681 584 742 nam
604 687 740 756 ,wera
759 679 879 742 eomer
899 686 934 742 aa
951 681 994 740 se
1009 680 1089 740 idam
1107 655 1299 764 omitum
1313 681 1351 754 u,

241 789 289 860 10,
310 789 347 846 13
374 807 490 863 ,neque
511 787 556 845 ite
575 804 708 863 prorsus,
731 790 766 844 ut
787 805 842 844 nos
864 784 954 862 vulgo
976 783 1135 862 loquimur,
1159 785 1353 862 pronuntiant,

239 889 420 967 quodenset
446 890 509 948 sine
538 893 616 963 erte,
644 907 742 965 neque
769 887 875 966 prouul
901 891 1003 946 tumen
1029 907 1049 946 a
1075 891 1186 946 natura
1210 886 1354 959 recedunt,
1456 923 1457 972 ,

239 1012 299 1069 quo
321 993 397 1052 vitio
416 993 531 1071 periret
551 991 692 1064 imitatio,
715 989 768 1050 eod
789 1010 901 1050 morem
918 990 1081 1050 eommunis
1098 991 1243 1048 sermonis
1258 989 1357 1047 decore
1456 983 1457 988 ’

239 1093 368 1172 quodam
390 1095 505 1154 soenieo
527 1091 704 1154 exornant“.
1456 1083 1457 1108 ¹

701 1307 906 1338 -ῌΙ

763 1481 848 1564 VH.

686 1655 736 1732 De
765 1657 924 1732 metris.

325 1917 426 1976 Metra
446 1915 572 1976 Plautus
598 1917 731 1976 imitatus
761 1922 808 1977 est
835 1915 1007 1978 Graecorum
1036 1920 1209 1995 poetarum,
1242 1933 1363 1992 quorum
1456 1889 1457 1972 l

240 2020 356 2080 fabulae
378 2019 488 2080 Latine
514 2021 620 2093 vertit,
654 2019 707 2079 sed
736 2021 785 2080 vel
813 2021 884 2098 quis
909 2019 990 2098 leges
1017 2021 1090 2079 artis
1122 2039 1185 2078 nou
1217 2017 1255 2078 ab
1286 2015 1365 2074 omni

239 2129 326 2201 parte
347 2128 484 2182 aeeurate
505 2127 710 2200 perspexerat,
733 2123 782 2182 vel
799 2123 871 2200 qnia
887 2123 996 2182 Latina
1017 2123 1120 2200 lingua
1141 2119 1272 2180 nondum
1291 2119 1364 2178 eatis

240 2227 377 2286 versibus
398 2231 529 2286 tremata
550 2223 751 2286 diffieiliorem
773 2226 801 2284 ei
822 2225 967 2286 reddebat
990 2245 1128 2302 operam,
1151 2243 1212 2284 uon
1232 2221 1308 2282 nihil
1327 2219 1364 2278 ab

241 2333 305 2390 arte
328 2327 498 2388 Graecorum
521 2327 631 2388 differt.
676 2327 792 2409 Sensim
820 2331 851 2386 et
878 2347 933 2406 per
957 2328 1067 2388 multas
1088 2327 1242 2387 hominum
1264 2327 1365 2384 etates
1456 2339 1457 2356 ³

240 2433 343 2509 lingua
364 2431 403 2490 ad
425 2451 491 2490 eam
519 2431 698 2509 elegantiam
725 2431 959 2509 facilitatemque
986 2431 1139 2490 metricam
1167 2428 1286 2488 exculte
1312 2430 1364 2498 est,
1456 2425 1457 2432 ’

242 2553 308 2611 qne
329 2534 362 2593 in
379 2533 479 2593 Ovidii
499 2534 635 2593 versibus
656 2537 846 2613 perspicitur.
881 2535 1008 2593 Plautus
1030 2535 1110 2592 inter
1130 2532 1242 2610 primos
1263 2528 1365 2588 funda·

241 2643 342 2696 menta
368 2637 451 2710 ieeit;
486 2638 581 2696 seouti
608 2643 678 2696 sunt
704 2635 819 2696 Ennius
854 2637 978 2715 aliique,
1006 2655 1067 2696 nou
1099 2635 1189 2694 eliam
1215 2633 1260 2692 illi
1289 2633 1364 2690 riam
1456 2651 1457 2662 ¹

241 2739 382 2814 ingressi,
405 2737 458 2798 aed
481 2739 619 2812 eandem,
648 2740 706 2798 uisi
734 2739 815 2818 quod
841 2740 1043 2816 antiquissimi
1070 2739 1180 2815 quique
1202 2736 1291 2814 plura
1311 2733 1366 2793 sibi
1456 2777 1457 2794 1

240 2843 332 2901 lieere
363 2846 511 2919 putarunt
543 2846 574 2900 et
605 2847 729 2920 propter
761 2843 871 2918 lingua
904 2842 1111 2902 condicionem
1138 2844 1246 2918 putare
1274 2837 1366 2898 eoauti
1390 2840 1398 2852 '
1456 2847 1457 2906 Ξ

241 2948 327 3016 sunt;
351 2963 417 3021 qua
433 2942 554 3003 lieentia
567 2944 717 3004 &manos
735 2945 870 3004 cultioris
887 2947 986 3004 etatis
1008 2963 1068 3003 non
1089 2943 1213 3021 paulurn
1235 2941 1365 3012 offendit,
1456 2931 1457 2936 ἵ

241 3049 448 3125 grammatieoe
470 3051 569 3106 autem
591 3047 630 3106 ad
651 3048 795 3126 Augustei
822 3047 921 3108 saeeuli
942 3046 1022 3124 leges
1044 3065 1108 3104 rem
1130 3046 1286 3104 metricam
1308 3043 1366 3102 exi·
1456 3065 1457 3116 i

241 3153 346 3226 gentes
369 3149 519 3208 interdum
539 3152 667 3210 maxime
688 3151 831 3210 turbavit.
869 3150 966 3223 Quare
988 3154 1024 3208 ut
1044 3150 1076 3208 iu
1098 3167 1236 3208 sermone
1257 3147 1365 3218 Plauti,
1425 3187 1441 3217 ι,

242 3255 377 3330 quamvis
399 3257 485 3312 unta
506 3255 570 3312 eius
593 3255 691 3328 gratia
711 3256 759 3327 sit,
782 3258 817 3313 ut
832 3251 946 3325 Musas,
969 3252 994 3311 si
1011 3250 1119 3309 Latine
1136 3251 1243 3309 locuta
1261 3253 1365 3322 essent,
1456 3269 1457 3274 ¹

242 3374 278 3414 eo
300 3374 405 3414 usuras
427 3354 519 3413 fuisse
540 3355 645 3414 Aelius
666 3355 718 3414 ille
740 3355 814 3415 Stilo
837 3355 956 3427 dixerit,
980 3358 1080 3413 tamen
1101 3353 1151 3412 hie
1172 3353 1237 3412 illie
1258 3354 1367 3432 asperi-

131 3453 157 3504 s
241 3463 334 3518 tatem
368 3457 516 3535 quandam
546 3477 692 3536 apparere
720 3458 863 3531 fatam,
891 3459 937 3516 ite
963 3457 996 3515 in
1016 3477 1051 3516 re
1072 3456 1211 3528 metrice,
1235 3456 1366 3532 quamvis
1456 3495 1457 3510 ,

242 3581 321 3640 saepe
345 3562 472 3637 gretiam
494 3561 676 3639 singularem
699 3565 730 3620 et
751 3560 919 3637 elegantem
940 3579 1082 3619 versuum
1100 3558 1257 3616 decursum
1278 3557 1366 3617 admi·

242 3684 356 3738 remur,
379 3668 480 3724 tamen
501 3669 637 3723 nostrum
659 3682 719 3722 uon
741 3668 787 3722 est
807 3681 917 3739 negare
943 3662 1095 3739 permulta
1122 3660 1225 3719 durius
1251 3660 1367 3739 prelata

243 3770 274 3826 et
296 3767 371 3825 artis
391 3785 498 3844 parum
520 3767 644 3826 exeultae
666 3766 837 3826 testimonie
858 3785 932 3839 esse,
954 3785 1009 3824 neo
1027 3765 1292 3846 prestantissimos
1309 3783 1367 3822 sar·

242 3870 339 3928 monis
360 3867 462 3927 Latini
485 3867 612 3928 artifices
634 3875 724 3948 atque
746 3867 821 3928 adae
845 3888 946 3928 omnes
975 3869 1109 3940 omniuo,
1133 3867 1186 3942 qui
1207 3865 1271 3926 haec
1293 3885 1366 3925 eom·

242 3976 452 4044 memorarunt,
475 3973 578 4049 inique
598 3971 746 4031 iudicasse
768 3989 930 4044 censemus,
948 3971 1029 4048 qnod
1044 3969 1185 4029 Plautum
1207 3989 1269 4029 non
1292 3969 1366 4030 omni

242 4079 315 4133 nota
347 4077 516 4150 exemptum
548 4074 767 4133 existimarunt.
824 4073 872 4132 Sie
904 4073 983 4132 enim
1011 4072 1155 4131 Horatius
1187 4071 1254 4130 Art.
1288 4077 1365 4151 poet.

245 4177 306 4235 270
329 4195 411 4252 sqq.:
439 4174 497 4248 ,At
517 4177 611 4234 vestri
628 4177 735 4253 proavi
753 4176 907 4235 Plautinos
929 4180 960 4234 et
981 4195 1121 4234 numeros
1145 4179 1175 4233 et
1195 4175 1366 4234 Laudarere

243 4279 334 4351 sales,
362 4279 487 4337 nimium
514 4279 666 4356 patienter
690 4284 867 4356 utrumque,
889 4277 935 4336 Ne
958 4277 1055 4337 dicam
1076 4277 1181 4350 stulte,
1204 4279 1320 4353 mirati,
1342 4278 1365 4336 ei

243 4382 332 4440 modo
354 4399 412 4457 ego
432 4386 463 4438 et
484 4400 539 4440 ves
555 4361 670 4438 seimus
693 4380 871 4438 inurbanum
887 4380 989 4457 lepido
1006 4399 1149 4459 seponere
1167 4380 1248 4439 dioto
1258 4381 1365 4456 Legiti-
