2992 5054
799 515 890 570 nnus
1186 521 1413 588 n‚2,1ss-1⁶s

788 704 903 770 Sosis

871 813 955 879 Uide
978 816 1023 881 sis
1046 817 1129 899 signi
1152 819 1232 902 qnid
1254 820 1326 900 siet,
1355 829 1412 883 ⁷80

281 928 329 993 Ne
353 925 517 1010 posterius
538 925 573 988 in
595 943 645 987 me
670 921 800 1004 culpam
823 921 982 988 conferes.
1073 937 1075 944 '

726 1047 965 1132 Amphitruo

980 1157 1081 1242 Aperi
1103 1159 1210 1226 modo.

283 1268 367 1333 Nem
389 1265 471 1332 haec
493 1267 624 1349 quidem
646 1284 706 1330 nos
730 1264 900 1346 delirantis
922 1263 1031 1330 facere
1055 1266 1152 1333 dietis
1174 1267 1329 1352 postulat.

737 1393 955 1461 Alcumeus

279 1506 373 1572 Unde
395 1507 478 1571 haec
499 1507 599 1590 igitur
621 1509 671 1569 est
693 1504 756 1568 nisi
779 1503 839 1568 ebs
863 1509 906 1584 te,
929 1517 1014 1587 qnae
1037 1505 1118 1570 mihi
1140 1504 1226 1571 dono
1250 1505 1387 1572 datast?

707 1717 711 1726 ⁸
726 1633 963 1717 Amphitruo

280 1743 370 1829 Opus
391 1745 503 1810 mihist
524 1745 608 1810 istun
632 1743 804 1824 exquisito.

787 1873 904 1938 Sosia

812 1981 969 2066 Iuppiter,
992 2002 1052 2065 pro
1074 1981 1236 2067 Iuppiter!

723 2111 962 2195 Amphitruo

279 2196 365 2275 Quid
387 2197 502 2262 tibist?

250 2313 259 2330 “
787 2306 901 2372 Sosis

504 2413 567 2478 Hic
589 2419 706 2498 petere
726 2413 819 2478 nulle
841 2415 875 2480 in
899 2412 1058 2480 cistulest.

725 2542 962 2627 Amphitruo

1012 2652 1097 2730 Qun
1120 2673 1181 2736 ego
1204 2653 1327 2720 auno?
1354 2663 1408 2716 ess

785 2759 900 2826 Sosia

276 2843 315 2908 Id
336 2843 425 2928 quod
446 2849 603 2910 nerumst

723 2954 959 3037 Amphitruo

614 3062 658 3125 At
681 3082 755 3126 cnm
777 3064 927 3127 cruciatu
948 3063 1024 3140 ism,
1046 3061 1110 3128 nisi
1132 3067 1279 3148 apparet,
1302 3067 1371 3128 tuo.
1465 3077 1466 3086 ²

731 3191 949 3258 Alcumena

140 3359 142 3362 .
273 3297 364 3363 Haec
387 3297 519 3382 quidem
541 3304 691 3382 apparet.

720 3408 958 3494 Amphitruo

704 3516 785 3595 Quis
807 3517 906 3598 igitur
927 3513 989 3580 tibi
1011 3513 1124 3580 dedit?
1206 3585 1208 3593 ,

730 3648 947 3712 Alcumena

1114 3731 1176 3809 Qui
1197 3751 1249 3796 me
1271 3738 1377 3815 roget.

779 3838 897 3904 Sosia

269 3943 323 4010 Me
347 3951 471 4028 eaptus,
495 3946 573 4026 quie
594 3951 666 4010 tute
689 3946 731 4011 ab
754 3947 832 4011 naui
855 3944 1043 4011 clanculum
1066 3946 1130 4010 huo
1152 3945 1218 4010 elis
1239 3947 1297 4012 uia

269 4053 530 4118 Praenueurristi
552 4060 650 4137 atque
668 4053 744 4118 hine
762 4061 911 4137 peterem
934 4058 1004 4118 tute
1030 4054 1178 4118 exemisti
1201 4059 1302 4139 atque
1326 4077 1396 4120 enm

268 4159 353 4225 Huic
376 4159 504 4240 dedisti,
528 4160 664 4244 posthae
685 4182 815 4226 rursum
836 4161 1017 4244 obsignasti
1040 4161 1235 4228 clanculum.
1349 4172 1397 4226 790

336 4394 389 4446 780
405 4391 491 4447 Vides
509 4393 533 4447 si
550 4393 625 4462 signi
694 4393 745 4448 786
763 4397 859 4446 nerust
894 4395 934 4448 At
951 4399 1012 4448 tum
1029 4393 1212 4448 eruciatulsm
