2968 5030
578 498 611 554 V.
629 500 774 554 rol-⁷81.
1178 504 1242 566 417

107 725 149 736 -
170 690 265 757 Licet
285 695 359 756 mihi
381 713 515 773 quoque,
539 701 574 754 ut
595 694 725 754 1111111616
748 714 778 772 p.
805 695 874 767 116,
897 693 1088 772 pyrrhichius
1110 696 1239 756 ridetur.

108 797 152 858 Vl.
175 805 309 878 transp:
349 798 532 872 „Fortunam
560 794 712 858 laudent
739 827 783 836 -
812 798 884 858 714.
907 811 1033 873 operae,
1063 799 1241 858 servitutem

107 903 298 976 smstorism,
316 901 353 960 61.
371 899 478 962 Bacch.
491 901 546 960 43:
575 900 644 974 ,ubi
667 901 695 959 si
717 899 835 959 dederit
857 897 995 978 operes'‘.
1028 899 1147 960 Trucul.
1162 903 1238 961 721:

111 1003 196 1078 ,Siue
225 1005 372 1078 uicissim,
399 1007 451 1082 qui
474 1003 547 1062 dent
569 1021 704 1080 operum,
728 1001 811 1080 quod
833 1001 922 1076 dant,
946 1003 1045 1080 operis
1066 1000 1174 1064 utier“.
1198 1035 1242 1044 -

107 1109 178 1167 715.
203 1101 262 1168 ade·
282 1126 337 1185 pro
360 1101 404 1167 acl
425 1107 496 1166 olim
513 1105 711 1167 emendatum.
729 1135 772 1146 —-
790 1107 861 1164 718.
885 1101 1073 1180 omnmoduc,
1097 1106 1240 1182 integros,

106 1210 216 1288 quibus
239 1211 342 1289 potius
365 1209 480 1286 aliquid
502 1211 633 1288 supersit
654 1227 742 1286 quem
765 1207 852 1266 desit.
888 1206 931 1266 01.
955 1207 1048 1268 Mero.
1068 1209 1139 1268 420.
1162 1209 1239 1268 Rud.

109 1313 205 1372 1318:
246 1313 410 1386 „talentum
444 1312 562 1387 urgenti
592 1307 809 1371 commodum“.
855 1310 981 1370 Versum
1000 1309 1097 1371 'effert
1124 1311 1241 1371 Nonius

105 1438 135 1495 p.
160 1417 242 1490 266,
270 1415 324 1474 ubi
351 1419 432 1474 recte
460 1411 601 1473 scribitur
630 1428 709 1490 quos
737 1409 815 1473 dom
844 1444 888 1454 -
915 1416 988 1473 720.
1012 1429 1173 1488 consuere,
1204 1415 1240 1472 cl.

105 1539 133 1578 v.
157 1521 209 1579 78.
246 1517 431 1577 Adulescens
450 1519 604 1594 promissis
622 1515 755 1576 nondum
771 1517 845 1574 setis
863 1515 995 1576 confidIt.
1012 1547 1057 1557 -
1074 1519 1145 1576 721.
1169 1511 1243 1577 huic

106 1623 164 1680 ism
192 1621 276 1680 inB
303 1619 502 1679 emendatum.
548 1617 744 1678 Numerorum
774 1617 902 1678 defectui
929 1619 1085 1678 cousulens
1109 1617 1155 1678 ul.
1185 1614 1242 1678 titt

106 1723 228 1783 eddidit
249 1728 321 1801 post
345 1719 436 1796 „te“.
482 1721 575 1782 Recte
603 1741 635 1780 se
664 1721 758 1798 caput
783 1721 872 1780 huius
894 1722 938 1781 rei
961 1721 1046 1794 dicit,
1071 1725 1123 1799 qui
1146 1727 1240 1804 totam

105 1825 256 1886 fallaciam
276 1826 505 1900 excogitaverit,
526 1824 602 1882 ulter
619 1829 719 1884 eutem
736 1827 768 1883 in
786 1823 889 1883 eedem
907 1824 1101 1884 similitudine
1118 1845 1240 1884 manens

104 1951 150 2005 se,
175 1929 231 2008 qui
254 1927 418 2002 adiuverit,
437 1922 552 2004 pedem
576 1927 664 2002 dicit,
688 1928 768 1986 unde
790 1927 964 1986 adulescens
986 1934 1058 1988 noto
1080 1928 1242 2006 proverbio

109 2054 182 2107 „nec
212 2037 306 2110 ceput
333 2049 387 2088 nec
415 2027 486 2107 pes“
517 2050 548 2089 se
577 2029 655 2090 hunc
683 2049 848 2089 sermonem
874 2051 934 2089 uon
957 2031 1126 2108 intelligere
1149 2031 1241 2105 signi-

105 2136 185 2196 ficet.
220 2133 292 2194 sed
321 2129 491 2208 sermonis,
521 2153 580 2210 qus
607 2132 723 2192 ratione
751 2134 822 2192 olim
850 2137 1030 2211 scripturum
1058 2133 1123 2193 cod.
1149 2134 1240 2192 corri-

104 2239 235 2314 gebant,
259 2237 359 2296 versui
381 2239 544 2314 repugnet,
569 2255 662 2312 quere
684 2235 721 2294 ab
749 2236 814 2294 eliis
840 2233 1046 2310 ,sermonum“
1073 2240 1240 2295 correctum

104 2346 166 2414 sst3
195 2339 314 2400 facilius
343 2342 374 2398 et
401 2339 510 2397 rectius
538 2337 667 2414 Seyffert
694 2339 725 2396 in
747 2337 856 2398 Philol.
880 2338 1008 2412 XXVII,
1031 2359 1061 2417 p.
1086 2339 1147 2399 440
1176 2353 1241 2398 sor·

106 2439 211 2519 moni,
235 2442 270 2503 cf.
295 2442 380 2520 Gspt.
407 2443 482 2500 607:
517 2439 664 2515 ,0611161
688 2443 759 2518 quoi
787 2461 883 2519 neque
904 2461 958 2518 pes
980 2461 1120 2520 umquem
1143 2463 1240 2520 neque

104 2551 200 2626 ceput
223 2539 415 2624 conpsreet“.
461 2541 520 2602 (lic.
544 2543 628 2602 Fem.
652 2543 722 2617 VH,
749 2545 802 2617 31,
828 2546 860 2602 2:
894 2565 960 2618 „res
988 2547 1033 2603 its
1061 2533 1239 2618 contrectes,

105 2654 154 2724 ut,
185 2647 435 2726 quemadmodum
464 2645 582 2721 scribis,
612 2667 667 2705 nec
696 2651 788 2725 ceput
809 2667 864 2707 nec
885 2645 1008 2726 pedes“.
1031 2679 1074 2688 —
1097 2650 1168 2707 723.
1192 2647 1239 2706 Fl.

106 2755 226 2810 mutato
255 2749 415 2808 vorborum
445 2748 565 2808 ordine:
604 2749 683 2822 „Nec
711 2749 784 2827 quid
813 2749 918 2809 dicatis
945 2753 1020 2810 scire
1043 2771 1097 2810 nec
1119 2770 1166 2810 me
1189 2771 1241 2809 eur

105 2852 221 2912 ludatis
249 2849 400 2930 possum“,
430 2853 494 2910 sine
524 2872 621 2911 ceusu.
651 2883 693 2892 -
722 2853 793 2912 726.
817 2851 891 2911 Post
919 2852 947 2912 te
974 2854 1085 2914 hiatur.
1131 2853 1242 2912 Miiller

106 2955 345 3014 interiectionem
370 2953 514 3012 excidisse
536 2953 670 3032 putebat.
705 2955 795 3014 Both.
813 2956 859 3015 Fl.
880 2957 1031 3015 licentius:
1060 2961 1164 3034 ,peter
1186 2975 1241 3014 nos

106 3058 187 3116 16116
210 3057 300 3116 iussit
321 3055 386 3114 Hoc
409 3061 565 3134 argentum
588 3057 627 3115 ed
648 3055 710 3116 te“.
733 3087 776 3098 -
799 3061 871 3117 727.
895 3055 1031 3132 cnorum,
1055 3059 1073 3117 i.
1095 3078 1118 3117 6.
1143 3061 1241 3118 inesse

107 3159 241 3232 videbis,
265 3157 302 3217 61.
325 3157 406 3217 Pers.
432 3161 507 3218 644:
541 3159 638 3233 ,Haec
666 3160 724 3218 erit
751 3159 831 3220 bono
861 3179 969 3236 genere
992 3167 1097 3236 gustu,
1119 3161 1163 3219 nil
1185 3163 1242 3219 scit

107 3264 164 3322 nisi
193 3281 298 3320 uerum
326 3258 439 3339 loqui“.
485 3261 645 3340 Vulgatum
669 3268 714 3322 est
739 3264 799 3336 „sic
822 3261 915 3336 erit“;
945 3263 1053 3324 Pseud.
1079 3266 1150 3323 681.
1173 3265 1240 3324 Τ61.

106 3365 219 3425 Hesut.
241 3364 332 3424 1014.
355 3363 476 3424 Phorm.
497 3367 568 3425 801.
592 3364 668 3424 Eun.
690 3369 761 3425 732.
785 3397 828 3406 -
852 3361 956 3440 boisce,
981 3371 1000 3425 i.
1020 3387 1044 3426 6.
1070 3367 1240 3441 commodes,

106 3489 134 3526 v.
155 3467 228 3526 718.
251 3497 288 3506 -·
314 3467 385 3525 728.
414 3462 498 3544 Quid
518 3463 553 3527 id
574 3467 629 3543 est,
653 3469 733 3546 quod
754 3469 928 3546 postulavit.
952 3501 994 3509 —
1018 3472 1089 3528 729.
1114 3485 1241 3548 quaeSO,

107 3570 191 3648 quod
218 3589 319 3628 errore
347 3569 417 3628 huic
444 3572 544 3629 versui
574 3591 609 3630 ex
637 3571 824 3630 antecedenti
852 3571 992 3645 adhesit,
1017 3573 1129 3632 delevit
1150 3573 1241 3633 Both.

107 3703 150 3713 —-
169 3673 241 3732 730.
260 3665 484 3732 1111111161110
507 3669 585 3750 cius,
611 3675 690 3752 quod
712 3675 841 3732 maxime
857 3676 982 3747 meruit,
1011 3677 1137 3749 ,merito
1156 3674 1238 3736 eius“

107 3775 218 3854 saepius
230 3772 342 3848 Cicero,
361 3780 396 3834 ut
407 3777 497 3836 Attio.
511 3775 546 3850 V,
563 3779 610 3850 11,
625 3777 653 3835 6.
673 3775 757 3835 Fam.
770 3775 868 3851 XIIII,
883 3779 911 3850 2,
926 3780 954 3836 2.
974 3777 1089 3839 Cluent.
1105 3781 1153 3851 59,
1169 3783 1240 3840 162.

108 3909 151 3920 -
163 3879 236 3936 731.
256 3872 430 3952 dispicite&
448 3899 573 3952 amores,
592 3899 667 3957 quos
678 3898 772 3956 prope
786 3882 911 3939 emissos
923 3881 982 3939 ism
994 3887 1161 3960 recuperat,
1176 3903 1243 3942 cum

106 3979 266 4058 pecoribus
289 3985 445 4059 comperet
468 4002 505 4039 ex
528 4003 629 4041 errore
653 3982 799 4055 reductis,
824 3983 859 4041 ci.
879 3983 937 4043 Cic.
957 3984 996 4042 ed
1008 3985 1071 4044 Att.
1086 3985 1149 4058 VH,
1163 3988 1192 4059 7,
1208 3989 1241 4045 7:

112 4083 259 4160 ,pecudes
283 4081 423 4160 dispqu
446 4087 493 4144 sui
512 4085 630 4160 generis
648 4089 814 4162 sequuntur
836 4083 972 4164 greges“.
1006 4087 1105 4148 Pison.
1120 4090 1169 4162 36,
1185 4091 1240 4149 87:

112 4187 211 4258 ,omni
237 4187 333 4245 tetius
361 4187 522 4265 provincis
545 4208 654 4267 pecore
677 4185 842 4266 dispulso“.
865 4190 965 4248 -In
989 4190 1054 4250 cod.
1079 4191 1241 4270 archetypo

109 4289 262 4364 posterior
288 4308 359 4366 pars
387 4289 475 4348 huius
504 4309 606 4350 versus
634 4311 694 4350 uns
722 4311 788 4350 cum
815 4292 918 4369 priore
944 4295 1096 4370 sequentis
1119 4294 1241 4354 excidit.

108 4389 207 4450 Alteri
235 4391 356 4468 quidem
385 4392 516 4453 defectui
543 4393 631 4453 fecile
659 4392 808 4468 medetur,
837 4414 906 4454 uam
933 4417 961 4455 v.
986 4397 1047 4455 732
1071 4398 1189 4472 integer
1210 4397 1244 4457 in

1002 4509 1037 4563 27
