2956 5018
235 479 297 542 160
691 472 902 544 Prolegomeua

131 714 135 722 ,
232 668 364 730 scribere
385 667 477 726 nolui.
528 659 594 728 Gur
615 687 734 744 quoque
756 667 795 728 ad
816 688 1001 729 communem
1023 689 1136 730 rnorem
1158 671 1279 749 scripsi,
1303 689 1378 730 non

232 789 291 848 qur
311 773 364 830 aut
386 789 471 846 quor,
494 770 552 828 nisi
573 770 626 829 ubi
646 769 703 830 boo
722 775 775 829 aut
791 771 889 849 ipsum
905 771 972 832 cod
989 771 1114 850 praebet,
1131 777 1168 832 ut
1183 773 1248 832 llil.
1269 774 1376 845 1252,

233 877 287 932 sut
303 875 445 949 corrupta
461 873 524 931 eius
540 873 689 948 scriptura
706 869 819 949 („quo“
833 873 941 951 Amph.
958 867 1034 952 893)
1052 893 1088 934 eo
1106 874 1216 934 ducere
1232 874 1376 934 videtur.

270 1045 274 1052 Ι
319 973 422 1034 Codex
450 974 550 1032 alter
576 973 780 1033 camerarii
809 971 874 1050 (0),
910 995 999 1052 quern
1027 976 1141 1036 Parcus
1174 977 1378 1036 decurtatum

232 1077 405 1156 appellarit,
429 1076 500 1152 quia
522 1075 678 1135 duodecim
699 1081 816 1136 tantum
837 1079 1019 1156 posteriores
1041 1077 1158 1138 fabulas
1181 1075 1214 1154 (i.
1238 1099 1266 1138 e.
1288 1079 1376 1138 Bao·

233 1179 345 1252 chides,
367 1178 586 1238 Mostellariam
607 1174 692 1252 cett.)
716 1180 859 1252 continet,
881 1178 971 1238 hodie
987 1179 1195 1256 Heidelbergae
1217 1185 1375 1241 servatur.

233 1275 348 1341 Saeculo
369 1280 429 1339 XII
451 1281 578 1359 scriptus
601 1285 646 1339 est
673 1281 706 1340 in
733 1280 913 1341 membranis
940 1282 1042 1340 forma
1071 1282 1226 1360 quadratas
1254 1283 1376 1343 litteris

233 1385 307 1444 satis
335 1385 460 1458 magnis.
504 1382 552 1442 Ex
580 1382 684 1442 eodem
712 1403 780 1442 cum
812 1382 961 1442 codiceB
987 1383 1070 1443 fonte
1099 1389 1152 1444 eut
1177 1405 1214 1444 ex
1241 1405 1375 1464 prorsus

234 1487 352 1562 gemino
374 1485 495 1544 fluxisse
513 1489 647 1563 apparet,
665 1489 703 1559 et,
722 1487 859 1562 quamvis
876 1489 964 1545 atate
980 1486 1106 1546 inferior
1123 1487 1173 1562 sit,
1191 1508 1253 1548 non
1270 1508 1375 1567 pauca

233 1587 325 1646 babet
349 1586 544 1666 praeferenda.
588 1585 714 1660 Versus,
738 1588 871 1665 exceptis
893 1589 1033 1662 senariis,
1057 1609 1092 1648 ao
1113 1609 1151 1653 ne
1173 1589 1221 1648 bis
1243 1591 1373 1666 quidem

234 1690 385 1764 omnibus,
418 1710 481 1748 nou
514 1688 686 1766 distinguit3
720 1709 774 1748 neo
812 1709 1009 1769 personarum
1046 1695 1127 1751 notas
1160 1693 1370 1751 inveniuntur.

232 1792 367 1852 Initiales
394 1793 484 1850 etiam
517 1809 673 1850 scenarum
704 1791 827 1866 littera,
861 1810 928 1868 que
960 1792 1052 1852 rubro
1085 1792 1187 1853 colore
1219 1792 1371 1866 addendes

234 1900 334 1968 erant,
358 1895 444 1971 quasi
465 1911 555 1971 opere
576 1913 637 1952 non
660 1892 798 1953 absoluto
821 1893 938 1953 desunt.
983 1894 1085 1966 Qualis
1114 1893 1209 1954 codex
1232 1894 1286 1969 sit,
1309 1914 1369 1972 op-

232 1997 305 2056 time
331 1995 512 2074 perspicitur
538 2014 576 2052 ex
606 1994 724 2068 „Plauti
745 1995 927 2054 Truculento
953 2015 969 2054 e
992 1996 1095 2056 codice
1116 1994 1369 2075 Heidelbergensi

234 2094 404 2176 expressa“‚
427 2116 517 2173 quam
538 2096 574 2156 E.
597 2095 760 2158 Schneider
781 2096 878 2156 edidit
899 2097 1084 2156 Vratislavise
1108 2097 1200 2156 1834.
1231 2103 1233 2106 ’

765 2480 829 2562 IV.

669 2651 718 2729 [te
746 2654 935 2750 prologis.
978 2646 982 2652 ’

319 2911 441 2988 Prologi
463 2913 582 2970 nomine
603 2912 798 2972 Aristotelem
818 2914 955 2972 novimus
981 2931 1046 2971 eam
1067 2912 1258 2988 antiquarum
1279 2909 1364 2970 fabu-

232 3013 331 3072 larum
353 3018 469 3091 partem
492 3012 681 3089 significasse,
700 3034 766 3091 quse
783 3017 911 3091 primum
927 3014 1011 3073 chori
1028 3019 1148 3074 cantum
1164 3013 1363 3072 antecederet.

233 3114 305 3173 Hac
333 3136 352 3174 a
378 3116 485 3174 ceteris
512 3115 620 3175 fabula
648 3116 785 3195 partibus
815 3113 984 3195 (episodiis,
1013 3113 1123 3192 exodo)
1156 3135 1217 3175 non
1246 3115 1365 3175 diversa

233 3221 309 3290 erat,
328 3218 489 3294 statimque
506 3217 544 3276 ab
562 3218 650 3276 initio
666 3237 802 3296 personae
819 3217 937 3292 fabulae,
955 3223 991 3277 ut
1008 3219 1137 3278 &amati
1158 3218 1361 3290 conveniebat,

232 3320 313 3378 inter
329 3339 361 3377 se
378 3318 506 3397 agebant
523 3324 554 3377 et
570 3318 772 3396 loquebantur
786 3321 871 3379 nulla
887 3324 1089 3396 spectatorum
1107 3321 1226 3379 ratione
1244 3319 1361 3391 babita3

233 3423 307 3499 quin
331 3421 480 3480 comoediae
502 3421 633 3497 scriptor
654 3423 680 3479 si
701 3421 775 3498 quid
797 3420 1016 3500 spectatoribus
1037 3420 1194 3480 dicendum
1214 3421 1362 3494 censebat,

231 3523 289 3584 boc
312 3543 373 3584 non
395 3524 427 3581 in
447 3522 556 3582 fabulae
578 3524 733 3600 principio,
757 3523 862 3582 sedin
886 3523 985 3582 media
1006 3522 1109 3582 fabula
1129 3541 1185 3599 per
1207 3525 1363 3600 παράβασιν

232 3626 331 3685 facere
356 3626 481 3684 solebat.
525 3623 686 3702 Euripides
707 3627 837 3702 primus,
859 3625 908 3682 vel
929 3623 981 3682 ubi
1009 3625 1042 3682 iu
1069 3624 1158 3683 rebus
1186 3625 1364 3685 versabatur

232 3728 332 3786 minus
358 3727 437 3785 notis
465 3732 519 3785 aut
541 3727 641 3800 aliter,
665 3746 755 3803 quam
776 3728 842 3804 ipse
864 3729 987 3784 acturus
1010 3731 1090 3799 erat,
1113 3726 1202 3803 vulgo
1224 3729 1362 3800 narratis,

232 3829 283 3887 vel
303 3829 422 3888 omnino
448 3828 519 3905 quia
540 3829 656 3888 ratione
677 3829 710 3887 id
730 3829 799 3888 fieri
821 3827 1034 3901 arbitrabatur,
1059 3847 1102 3901 ea,
1126 3847 1191 3904 quae
1215 3833 1287 3887 ante
1307 3830 1361 3887 ini·

233 3931 309 3988 tium
331 3929 439 3989 fabula
462 3933 528 3988 acta
554 3949 618 3987 esse
646 3934 830 4007 spectatores
859 3930 975 3989 novisse
1002 3929 1136 4002 volebat,
1160 3928 1272 3988 diserte
1294 3951 1361 3990 nar·

232 4051 301 4090 rare
327 4031 454 4109 incepit,
484 4033 547 4090 sive
574 4031 630 4090 deo
657 4031 758 4108 aliquo
786 4051 885 4090 rerum
914 4032 1044 4090 omnium
1073 4051 1167 4108 gnaro
1197 4032 1363 4110 interprete

233 4152 317 4206 usus,
341 4134 402 4192 sive
424 4153 514 4192 unam
537 4153 573 4192 ex
594 4134 688 4210 ipsius
709 4133 818 4193 fabulae
838 4133 976 4212 personis
1005 4151 1124 4192 omnem
1147 4151 1211 4190 rem
1232 4132 1305 4191 inde
1327 4133 1363 4191 ab

232 4235 320 4292 initio
353 4233 458 4292 ordine
491 4239 661 4294 narrantem
699 4235 902 4294 introducens.
957 4233 1040 4292 Talis
1071 4234 1205 4293 narratio
1237 4235 1362 4294 senariis

233 4335 366 4394 exhibita
393 4335 576 4412 simplicibus
603 4355 711 4413 parum
738 4337 854 4411 tragica
882 4335 986 4395 multis
1014 4336 1079 4395 visa
1107 4339 1168 4408 est;
1202 4336 1251 4394 cui
1285 4337 1362 4395 eninr

117 4464 122 4472 ¹
232 4437 338 4513 mota
363 4442 409 4495 est
437 4437 586 4497 cavillatio
607 4437 816 4516 Aristophanis
844 4439 875 4496 in
896 4437 1003 4511 Ranis,
1032 4457 1060 4496 v.
1087 4438 1168 4497 1200
1192 4454 1274 4515 sqq.,
1305 4457 1362 4515 qua
