2956 5018
569 510 780 585 Prolesomem·
1180 522 1239 583 1e1

90 705 316 766 Lachmannns
338 707 379 766 ad
401 706 521 767 Lucret.
544 728 574 786 p.
600 708 660 767 116
683 709 803 768 omnino
830 703 961 787 negavit.
1007 707 1066 768 Sed
1090 709 1240 769 interdum

88 808 227 867 inveniri
256 811 368 888 negari
395 811 513 887 nequit,
537 831 591 870 nec
613 811 677 870 sine
699 813 791 870 nimia
813 811 982 889 corrigendi
1009 811 1132 902 licentia
1153 810 1241 872 huius

88 911 135 968 rei
169 913 322 990 exempla
358 913 506 972 removeri
541 919 685 990 possunt,
724 934 753 973 v.
788 913 930 992 Geppert.
965 911 1050 972 Stud.
1084 912 1181 972 Plaut.
1215 913 1239 986 l,

88 1032 118 1090 p.
151 1014 219 1073 139
254 1034 342 1103 sqq.;
374 1015 605 1093 Amphitruonis
639 1017 776 1095 exempla
814 1021 885 1074 sunt
918 1035 946 1074 v.
978 1017 1016 1074 55
1054 1016 1240 1089 „omnibus'',
1357 1057 1361 1066 .

90 1115 156 1173 328
180 1121 217 1174 et
243 1117 310 1176 350
337 1115 494 1189 „Nescio“.
540 1117 572 1176 si
601 1117 738 1195 dactylus
765 1124 818 1178 aut
843 1119 981 1194 pluribus
1003 1119 1126 1178 vocibus
1149 1117 1240 1178 effici-

87 1223 141 1276 tur
170 1223 234 1277 aut
263 1219 418 1296 prioribus
445 1220 567 1295 syllabis
594 1221 740 1298 longioris
772 1221 927 1294 vocabuli,
961 1219 1036 1280 nihil
1069 1221 1241 1281 offensionis

88 1319 197 1394 habet,
224 1321 321 1380 modo
344 1341 382 1380 ne
398 1321 500 1398 plures
518 1321 631 1399 dactyli
648 1323 877 1399 coniungantur.
911 1321 974 1382 Nec
990 1327 1105 1382 temere
1122 1323 1240 1400 dactylo

90 1428 292 1500 anapaeatum
319 1423 514 1498 subiungant.
560 1423 646 1496 Quod
673 1427 700 1484 si
728 1425 795 1502 quia
823 1425 932 1483 vitium
966 1445 1029 1484 esse
1059 1425 1152 1498 dicat,
1181 1445 1241 1485 non

90 1526 299 1602 repugnab03
339 1545 501 1603 numquam
538 1527 726 1586 commissum
765 1547 830 1586 esse
869 1547 930 1586 uon
969 1528 1146 1601 concedam
1179 1528 1240 1586 vid.

90 1628 211 1705 Amph.
240 1631 320 1688 120:
346 1627 441 1702 ,Nam
462 1647 545 1688 meus
566 1633 654 1706 pater
676 1620 796 1707 inltus“.
840 1631 915 1688 882:
943 1629 1023 1702 ,Aut
1044 1629 1240 1689 satisfaciat&

92 1731 176 1790 940:
215 1729 279 1804 „Ut
306 1750 373 1808 quaa
401 1731 482 1809 apud
509 1722 716 1810 legioluem“.'
742 1728 849 1790 Bacch.
876 1732 951 1789 146:
984 1731 1027 1804 „0
1056 1730 1240 1804 barathrum,

92 1831 150 1890 uhi
173 1829 293 1892 nunc“.
340 1835 417 1893 302:
450 1833 530 1906 ,Nos
553 1833 633 1910 apud
655 1825 884 1912 Theotilmum“.
929 1832 1011 1892 Trin.
1036 1835 1112 1893 804:
1146 1833 1241 1906 „Cou-

92 1937 188 1993 tinuo
215 1926 375 2013 operilto“.
409 1935 481 1994 Haec
502 1935 534 1994 in
556 1935 705 2014 principio
728 1954 878 2008 versuum,
898 1935 951 1994 sed
969 1936 1060 1994 ctiam
1075 1936 1108 1994 in
1125 1934 1240 2007 mediis,

94 2043 132 2096 ut
153 2038 240 2098 Rud.
267 2039 365 2097 1247:
392 2029 478 2116 „iplai
499 2035 685 2097 maleficiis“.
730 2037 852 2097 Trucul.
877 2037 954 2096 362:
982 2027 1118 2115 „poslset
1161 2035 1240 2096 Cedo

94 2137 233 2199 eoleaa“.
289 2138 398 2216 AmPh.
423 2141 478 2199 90:
517 2132 716 2218 ,proleraltur
744 2139 847 2200 Ionem
880 2139 978 2198 lacere
1011 2131 1239 2218 hilstrioniam“.

98 2242 206 2302 Simili
243 2242 369 2301 licentia
401 2261 457 2318 pro
490 2241 624 2319 spondeo
658 2243 757 2301 soluta
790 2247 917 2319 utraque
951 2241 1041 2316 longa
1073 2240 1241 2319 proceleus-

98 2347 233 2404 maticus
255 2345 394 2422 ponitur,
417 2343 470 2402 sed
491 2363 615 2420 perraro
637 2365 692 2403 nec
714 2345 773 2402 nisi
794 2343 826 2402 in
848 2347 946 2422 primo
969 2364 1072 2404 versus
1093 2345 1184 2423 pede,
1207 2353 1242 2404 ut

99 2447 190 2506 Trin.
216 2447 294 2506 806:
332 2445 399 2518 „lta
427 2437 573 2525 facilam“.
628 2446 737 2523 Amph.
762 2447 817 2505 74:
856 2445 967 2522 „Quasi
996 2439 1240 2525 magistratum&

100 2548 228 2608 Etenim
255 2549 289 2607 in
316 2548 374 2608 hoo
400 2567 503 2607 versus
533 2548 599 2608 loco
626 2549 695 2625 plus
723 2548 781 2608 eibi
802 2549 892 2607 licere
920 2553 1067 2625 putarunt
1092 2569 1183 2626 quam
1210 2552 1243 2607 in

102 2653 231 2726 ceteris3
259 2651 413 2727 semelque
441 2650 571 2710 admisso
599 2650 675 2728 pede
700 2650 925 2728 quadrisyllabo
946 2650 1071 2709 Plautus
1093 2651 1243 2710 interdum

102 2757 198 2813 etiam
221 2755 366 2830 correptis
388 2753 526 2829 syllabis,
550 2773 618 2830 quae
631 2753 735 2834 longa
762 2773 826 2811 esee
848 2753 1014 2826 debebant,
1038 2773 1087 2812 eos
1111 2753 1244 2812 admittit

104 2875 257 2928 numeros,
277 2856 331 2932 qui
352 2875 384 2914 re
406 2875 478 2915 rere
499 2857 612 2932 paeonis
636 2854 760 2914 secundi
781 2875 951 2914 mensuram
969 2855 1088 2928 habent,
1105 2861 1142 2915 ut
1158 2855 1241 2933 Cept.

107 2961 185 3019 133:
219 2956 316 3031 ,Quis
338 2957 388 3016 hic
415 2949 589 3036 loquiltur“.
633 2958 715 3017 Men.
740 2959 796 3016 75:
822 2957 931 3031 ,Modo
955 2956 1004 3016 hic
1027 2949 1168 3036 agiltat“;
1192 2965 1244 3018 aut

103 3080 162 3139 pro
184 3063 338 3136 anapaesto
360 3059 534 3134 bacchium,
556 3065 592 3118 ut
613 3059 695 3119 Poen.
722 3061 818 3119 1156:
846 3059 906 3132 „Ut
927 3058 989 3118 hac
1012 3051 1241 3138 inlveniautur“.

103 3163 172 3222 Mil.
199 3163 298 3222 1013:
337 3160 414 3234 ,Sed
436 3162 485 3220 hic
506 3153 686 3241 nnmlquis“,
717 3167 770 3221 aut
799 3164 889 3220 etiam
919 3163 1077 3235 creticum,
1100 3166 1136 3221 ut
1157 3160 1242 3239 Capt.

108 3266 185 3325 128:
214 3263 306 3337 ,Inde
327 3261 407 3322 me“.
440 3262 523 3322 Poen.
537 3265 616 3323 416:
643 3264 778 3343 ,Perque
800 3261 912 3322 meos“.
947 3263 1055 3342 Amph.
1076 3265 1131 3323 70:
1155 3262 1244 3338 „Siue

107 3365 212 3445 qnoi“.
259 3367 314 3425 84:
353 3365 468 3440 ,Quina
502 3362 630 3443 qu0“*).
680 3367 745 3426 Hoc
772 3367 832 3425 iam
859 3366 1014 3425 Bentleius
1042 3368 1074 3425 in
1101 3366 1242 3426 Terentio

106 3469 363 3530 animadverterat
389 3468 544 3546 multaque
574 3457 637 3527 eius
664 3470 708 3527 rei
737 3468 873 3545 exempla
902 3469 1065 3544 collegerat
1094 3468 1126 3526 in
1155 3466 1243 3526 Sche-

107 3557 264 3644 diasmate,
288 3590 416 3649 quorum
439 3590 619 3648 quamquam
641 3591 701 3629 non
724 3589 820 3647 pauca
841 3571 931 3629 aliter
949 3569 1092 3645 explicari
1108 3575 1242 3646 possunt,

106 3681 209 3734 tamen
230 3675 299 3752 ipsa
319 3691 369 3730 res
392 3673 498 3747 negari
519 3674 571 3731 vix
591 3678 708 3751 potest,
730 3672 872 3732 Plautum
894 3671 1128 3748 Terentiumque
1153 3671 1243 3730 licen-

106 3779 167 3836 tius
193 3775 336 3835 habuisse
362 3776 492 3851 primum
520 3795 625 3834 semus
658 3775 766 3853 pedem
799 3793 889 3852 quam
922 3777 1046 3832 ceteros.
1091 3772 1246 3834 Tractavit

108 3879 234 3940 eandem
255 3897 320 3936 rem
342 3876 378 3936 A.
403 3875 533 3954 Spengel
554 3879 586 3936 in
612 3873 757 3950 ,Plauto“
783 3895 813 3954 p.
839 3877 899 3934 107
923 3893 1006 3951 sqq.,
1029 3874 1083 3934 sed
1104 3875 1246 3936 Plautina

108 3981 261 4060 exempla,
286 3997 353 4056 qnae
374 3979 471 4038 multa
494 3980 659 4056 congessit,
682 3979 746 4038 fere
768 3978 868 4037 omnia
890 3976 933 4035 ad
950 3975 1120 4038 trochaicus
1148 3986 1244 4058 septe·

108 4087 210 4145 narica
231 4083 395 4162 pertinent.

120 4211 123 4214 ·
194 4185 282 4264 Saepe
321 4183 562 4255 animadversum
601 4189 648 4242 eat
685 4182 853 4242 trochaicos
891 4186 921 4240 et
959 4181 1104 4243 iambicos
1142 4204 1244 4244 versus

137 4398 163 4467 *)
181 4397 269 4452 Plura
285 4397 316 4453 v.
331 4397 433 4466 Christ,
450 4395 556 4452 Meti-ik
573 4415 600 4467 p.
616 4399 674 4452 352.
