2992 5054
290 537 331 596 20
666 518 672 530 '
807 533 898 588 Plauti
1212 537 1269 603 ιι,
1283 537 1412 590 use-us

796 723 911 790 Sosis

290 831 376 909 Quid
398 829 431 895 id
455 832 598 914 exquiris
620 837 666 912 80,
688 833 745 916 qui
768 835 883 915 pugnis
907 854 942 898 os
966 855 1097 900 exossas
1119 833 1332 901 hominibus?

743 939 968 1007 Mercurius

292 1049 412 1113 Seruos
430 1069 504 1112 esne
528 1069 570 1112 80
593 1049 699 1113 liber?

798 1157 918 1222 Sosis.
1467 1239 1468 1252 ἵ

712 1263 921 1350 thuomque
945 1267 1053 1332 animo
1077 1267 1316 1334 eoulubiiumst
1340 1291 1417 1334 mee.
1467 1305 1468 1332 1

744 1373 969 1440 Mercurius

290 1461 351 1524 Ain
375 1459 478 1525 uero?

799 1567 914 1634 Sosia

496 1675 556 1740 Aio
580 1676 755 1740 enimuero.

744 1784 967 1850 Mercurius

776 1892 933 1959 Uerbero.

798 2002 914 2068 Sosia

948 2110 1095 2177 Mentiris
1118 2133 1213 2177 0000.

744 2219 969 2284 Mercurius

290 2331 334 2395 At
354 2331 421 2394 iem
443 2328 564 2393 faeiem
587 2333 623 2392 08
646 2349 761 2393 uerum
784 2327 874 2392 dicas
898 2326 1015 2394 dicere.

798 2435 913 2501 Sosis

1029 2523 1115 2601 Quid
1136 2531 1208 2590 8088
1230 2528 1335 2610 opus?

744 2629 969 2697 Mercurius

291 2739 425 2805 Possum
448 2741 541 2820 seire,
565 2761 630 2824 quo
654 2739 828 2828 profectus,
851 2741 968 2824 quoius
990 2741 1033 2806 sis
1056 2748 1113 2807 808
1136 2742 1214 2827 quid
1235 2743 1391 2809 ueneris?

798 2847 914 2912 Sosia

290 2956 364 3021 Huc
387 2977 434 3036 80,
459 2958 507 3021 eri
529 2979 600 3021 sum
622 2979 743 3022 seruos,
778 2955 945 3040 Numquid
966 2978 1054 3023 0000
1076 2979 1111 3024 88
1134 2961 1278 3024 certior?

745 3065 970 3131 Mercurius

292 3172 361 3254 Ego
384 3172 446 3238 tibi
467 3174 563 3238 istem
584 3173 691 3254 hodie,
714 3173 862 3252 80818888,
885 3174 1089 3256 conprimam
1110 3173 1264 3256 linguam.

800 3282 916 3347 Sosia

1190 3363 1289 3434 Haud
1311 3375 1424 3454 potes?

291 3452 381 3518 Β808
404 3451 586 3563 pudiceque
610 3453 811 3520 adseruatur.
1161 3469 1165 3478 '

744 3561 966 3628 Mercurius

837 3669 955 3752 Pergin
978 3667 1184 3750 arguterier?
1369 3669 1419 3724 345

292 3777 378 3856 Quid
399 3778 488 3862 apud
510 3779 608 3844 hasce
631 3779 722 3843 sedis
744 3779 856 3862 negoti
879 3777 1035 3842 esttibi?

798 3887 913 3951 Sosis

1045 3969 1147 4035 immo
1172 3970 1251 4054 quid
1272 3971 1388 4038 tibist?

744 4080 966 4145 Mercurius

291 4187 362 4253 Rex
385 4187 468 4254 Oreo
491 4187 606 4270 uigiles
628 4195 807 4253 nocturnos
830 4184 973 4268 singulos
996 4207 1124 4271 semper
1145 4187 1245 4253 10088.

359 4422 409 4474 339
428 4418 566 4474 88000808
634 4423 685 4474 343
703 4438 777 4476 nune
795 4421 862 4490 quid
880 4436 954 4474 0000
