<?xml version="1.0" encoding="UTF-8"?>
<!DOCTYPE html PUBLIC "-//W3C//DTD XHTML 1.0 Transitional//EN"
    "http://www.w3.org/TR/xhtml1/DTD/xhtml1-transitional.dtd">
<html xmlns="http://www.w3.org/1999/xhtml" xml:lang="en" lang="en">
 <head>
  <title>
</title>
<meta http-equiv="Content-Type" content="text/html;charset=utf-8" />
  <meta name='ocr-system' content='tesseract 3.04.00' />
  <meta name='ocr-capabilities' content='ocr_page ocr_carea ocr_par ocr_line ocrx_word'/>
</head>
<body>
  <div class='ocr_page' id='page_1' title='image "./tmacciiplautico02ussigoog_0429.png"; bbox 0 0 2968 5030; ppageno 0'>
   <div class='ocr_carea' id='block_1_1' title="bbox 228 472 857 542">
    <p class='ocr_par' dir='ltr' id='par_1_1' title="bbox 228 472 857 542">
     <span class='ocr_line' id='line_1_1' title="bbox 228 472 857 542; baseline 0 -14"><span class='ocrx_word' id='word_1_1' title='bbox 228 481 291 542; x_wconf 77' lang='lat'>414</span> <span class='ocrx_word' id='word_1_2' title='bbox 423 521 426 527; x_wconf 94' lang='lat'>.</span> <span class='ocrx_word' id='word_1_3' title='bbox 718 472 857 528; x_wconf 64' lang='lat' dir='ltr'>Asinaria</span> 
     </span>
    </p>
   </div>
   <div class='ocr_carea' id='block_1_2' title="bbox 226 661 1363 4433">
    <p class='ocr_par' dir='ltr' id='par_1_2' title="bbox 226 661 1363 4433">
     <span class='ocr_line' id='line_1_2' title="bbox 226 661 1361 746; baseline -0.004 -16"><span class='ocrx_word' id='word_1_4' title='bbox 226 671 336 746; x_wconf 76' lang='lat' dir='ltr'>lingua</span> <span class='ocrx_word' id='word_1_5' title='bbox 369 669 456 744; x_wconf 78' lang='lat' dir='ltr'>longe</span> <span class='ocrx_word' id='word_1_6' title='bbox 489 665 750 728; x_wconf 54' lang='lat' dir='ltr'>mellitis-imum.</span> <span class='ocrx_word' id='word_1_7' title='bbox 784 697 828 708; x_wconf 90' lang='lat'><em>-</em></span> <span class='ocrx_word' id='word_1_8' title='bbox 861 669 932 730; x_wconf 84' lang='grc'>689.</span> <span class='ocrx_word' id='word_1_9' title='bbox 961 661 1160 729; x_wconf 68' lang='lat' dir='ltr'>damaeta</span> <span class='ocrx_word' id='word_1_10' title='bbox 1181 665 1272 728; x_wconf 89' lang='lat' dir='ltr'>Both.</span> <span class='ocrx_word' id='word_1_11' title='bbox 1304 664 1361 742; x_wconf 87' lang='lat' dir='ltr'>(B:</span> 
     </span>
     <span class='ocr_line' id='line_1_3' title="bbox 231 765 1363 850; baseline -0.004 -18"><span class='ocrx_word' id='word_1_12' title='bbox 231 767 538 849; x_wconf 75' lang='lat' dir='ltr'>„circumdatosque“,</span> <span class='ocrx_word' id='word_1_13' title='bbox 562 770 614 828; x_wconf 88' lang='lat' dir='ltr'>sed</span> <span class='ocrx_word' id='word_1_14' title='bbox 636 787 653 828; x_wconf 83' lang='lat' dir='ltr'><em>r</em></span> <span class='ocrx_word' id='word_1_15' title='bbox 675 767 879 849; x_wconf 75' lang='lat' dir='ltr'><strong>expunctum).</strong></span> <span class='ocrx_word' id='word_1_16' title='bbox 904 800 948 812; x_wconf 89' lang='lat'>·-</span> <span class='ocrx_word' id='word_1_17' title='bbox 972 771 1043 831; x_wconf 80' lang='lat' dir='ltr'>eal.</span> <span class='ocrx_word' id='word_1_18' title='bbox 1066 769 1111 830; x_wconf 86' lang='lat' dir='ltr'>Ne</span> <span class='ocrx_word' id='word_1_19' title='bbox 1139 775 1209 850; x_wconf 90' lang='lat' dir='ltr'>post</span> <span class='ocrx_word' id='word_1_20' title='bbox 1237 765 1363 830; x_wconf 68' lang='grc' dir='ltr'>ἀίείιιηι</span> 
     </span>
     <span class='ocr_line' id='line_1_4' title="bbox 227 871 1361 951; baseline -0.002 -17"><span class='ocrx_word' id='word_1_21' title='bbox 227 876 326 934; x_wconf 83' lang='lat' dir='ltr'>hiatus</span> <span class='ocrx_word' id='word_1_22' title='bbox 359 879 450 946; x_wconf 88' lang='lat' dir='ltr'>esset,</span> <span class='ocrx_word' id='word_1_23' title='bbox 486 873 601 951; x_wconf 77' lang='lat' dir='ltr'><strong>antiqui</strong></span> <span class='ocrx_word' id='word_1_24' title='bbox 636 871 703 932; x_wconf 88' lang='lat' dir='ltr'>edd.</span> <span class='ocrx_word' id='word_1_25' title='bbox 741 871 811 946; x_wconf 86' lang='lat' dir='ltr'>„tu“</span> <span class='ocrx_word' id='word_1_26' title='bbox 848 871 1012 946; x_wconf 84' lang='lat' dir='ltr'>addebant;</span> <span class='ocrx_word' id='word_1_27' title='bbox 1046 872 1135 933; x_wconf 86' lang='lat' dir='ltr'>Both.</span> <span class='ocrx_word' id='word_1_28' title='bbox 1163 871 1209 931; x_wconf 77' lang='lat' dir='ltr'>lu</span> <span class='ocrx_word' id='word_1_29' title='bbox 1239 877 1361 951; x_wconf 86' lang='lat' dir='ltr'>transp.</span> 
     </span>
     <span class='ocr_line' id='line_1_5' title="bbox 231 972 1358 1054; baseline -0.003 -18"><span class='ocrx_word' id='word_1_30' title='bbox 231 977 360 1051; x_wconf 83' lang='lat' dir='ltr'>„dixeris</span> <span class='ocrx_word' id='word_1_31' title='bbox 388 979 420 1035; x_wconf 89' lang='lat' dir='ltr'>in</span> <span class='ocrx_word' id='word_1_32' title='bbox 447 996 494 1034; x_wconf 87' lang='lat' dir='ltr'>me</span> <span class='ocrx_word' id='word_1_33' title='bbox 522 981 582 1034; x_wconf 85' lang='lat' dir='ltr'>tam</span> <span class='ocrx_word' id='word_1_34' title='bbox 612 975 766 1054; x_wconf 74' lang='lat' dir='ltr'>indignum</span> <span class='ocrx_word' id='word_1_35' title='bbox 796 972 940 1036; x_wconf 85' lang='lat' dir='ltr'>dictom“.</span> <span class='ocrx_word' id='word_1_36' title='bbox 963 1005 1008 1018; x_wconf 91' lang='lat'>-·</span> <span class='ocrx_word' id='word_1_37' title='bbox 1029 975 1137 1036; x_wconf 85' lang='lat' dir='ltr'>Servus</span> <span class='ocrx_word' id='word_1_38' title='bbox 1168 975 1231 1049; x_wconf 83' lang='lat' dir='ltr'>,Ne</span> <span class='ocrx_word' id='word_1_39' title='bbox 1258 972 1358 1034; x_wconf 81' lang='lat' dir='ltr'>iatue“</span> 
     </span>
     <span class='ocr_line' id='line_1_6' title="bbox 227 1075 1361 1158; baseline -0.004 -20"><span class='ocrx_word' id='word_1_40' title='bbox 227 1081 325 1158; x_wconf 88' lang='lat' dir='ltr'>iuquit</span> <span class='ocrx_word' id='word_1_41' title='bbox 356 1080 405 1152; x_wconf 89' lang='lat' dir='ltr'>„iu</span> <span class='ocrx_word' id='word_1_42' title='bbox 433 1097 478 1136; x_wconf 90' lang='lat' dir='ltr'>me</span> <span class='ocrx_word' id='word_1_43' title='bbox 505 1075 710 1156; x_wconf 74' lang='lat' dir='ltr'><strong><em>nequiquam,</em></strong></span> <span class='ocrx_word' id='word_1_44' title='bbox 733 1082 753 1138; x_wconf 88' lang='lat' dir='ltr'>i.</span> <span class='ocrx_word' id='word_1_45' title='bbox 778 1098 802 1138; x_wconf 86' lang='lat' dir='ltr'>a.</span> <span class='ocrx_word' id='word_1_46' title='bbox 827 1077 962 1158; x_wconf 80' lang='lat' dir='ltr'>impune,</span> <span class='ocrx_word' id='word_1_47' title='bbox 987 1077 1113 1152; x_wconf 77' lang='lat' dir='ltr'>dixeris,</span> <span class='ocrx_word' id='word_1_48' title='bbox 1136 1084 1171 1138; x_wconf 82' lang='lat' dir='ltr'>tu</span> <span class='ocrx_word' id='word_1_49' title='bbox 1192 1078 1245 1157; x_wconf 92' lang='lat' dir='ltr'>pol</span> <span class='ocrx_word' id='word_1_50' title='bbox 1267 1077 1361 1137; x_wconf 86' lang='lat' dir='ltr'>hodie</span> 
     </span>
     <span class='ocr_line' id='line_1_7' title="bbox 227 1179 1361 1259; baseline -0.003 -19"><span class='ocrx_word' id='word_1_51' title='bbox 227 1203 273 1241; x_wconf 91' lang='lat' dir='ltr'>me</span> <span class='ocrx_word' id='word_1_52' title='bbox 299 1182 388 1241; x_wconf 86' lang='lat' dir='ltr'>vehes</span> <span class='ocrx_word' id='word_1_53' title='bbox 422 1185 457 1238; x_wconf 90' lang='lat' dir='ltr'>ut</span> <span class='ocrx_word' id='word_1_54' title='bbox 490 1201 583 1259; x_wconf 86' lang='lat' dir='ltr'>aquus</span> <span class='ocrx_word' id='word_1_55' title='bbox 612 1179 772 1259; x_wconf 83' lang='lat' dir='ltr'>equitem“.</span> <span class='ocrx_word' id='word_1_56' title='bbox 818 1179 905 1240; x_wconf 88' lang='lat' dir='ltr'>Both.</span> <span class='ocrx_word' id='word_1_57' title='bbox 935 1179 981 1240; x_wconf 63' lang='lat'>1³1.</span> <span class='ocrx_word' id='word_1_58' title='bbox 1010 1185 1127 1240; x_wconf 67' lang='lat' dir='ltr'>manto</span> <span class='ocrx_word' id='word_1_59' title='bbox 1154 1180 1260 1240; x_wconf 90' lang='lat' dir='ltr'>ordine</span> <span class='ocrx_word' id='word_1_60' title='bbox 1293 1201 1361 1254; x_wconf 82' lang='lat' dir='ltr'>,me</span> 
     </span>
     <span class='ocr_line' id='line_1_8' title="bbox 226 1280 1359 1362; baseline -0.003 -19"><span class='ocrx_word' id='word_1_61' title='bbox 226 1282 351 1356; x_wconf 83' lang='lat' dir='ltr'>hodie“;</span> <span class='ocrx_word' id='word_1_62' title='bbox 375 1303 435 1342; x_wconf 90' lang='lat' dir='ltr'>non</span> <span class='ocrx_word' id='word_1_63' title='bbox 458 1303 541 1362; x_wconf 90' lang='lat' dir='ltr'>opus.</span> <span class='ocrx_word' id='word_1_64' title='bbox 581 1280 1210 1362; x_wconf 66' lang='lat' dir='ltr'>aperasimepoatulatuuller,1laottr.</span> <span class='ocrx_word' id='word_1_65' title='bbox 1233 1304 1264 1361; x_wconf 91' lang='lat' dir='ltr'>p.</span> <span class='ocrx_word' id='word_1_66' title='bbox 1287 1284 1359 1340; x_wconf 75' lang='lat'>121.</span> 
     </span>
     <span class='ocr_line' id='line_1_9' title="bbox 227 1383 1359 1465; baseline -0.004 -20"><span class='ocrx_word' id='word_1_67' title='bbox 227 1417 270 1428; x_wconf 82' lang='lat'>-</span> <span class='ocrx_word' id='word_1_68' title='bbox 298 1388 367 1446; x_wconf 84' lang='grc'>693.</span> <span class='ocrx_word' id='word_1_69' title='bbox 392 1385 465 1445; x_wconf 83' lang='lat' dir='ltr'>Post</span> <span class='ocrx_word' id='word_1_70' title='bbox 493 1387 656 1464; x_wconf 67' lang='lat' dir='ltr'>arpentum</span> <span class='ocrx_word' id='word_1_71' title='bbox 683 1385 799 1460; x_wconf 81' lang='lat' dir='ltr'>hiatus5</span> <span class='ocrx_word' id='word_1_72' title='bbox 828 1385 895 1445; x_wconf 90' lang='lat' dir='ltr'>edd.</span> <span class='ocrx_word' id='word_1_73' title='bbox 924 1386 1062 1465; x_wconf 77' lang='lat' dir='ltr'>plerique</span> <span class='ocrx_word' id='word_1_74' title='bbox 1094 1383 1200 1460; x_wconf 80' lang='lat' dir='ltr'>,hine“</span> <span class='ocrx_word' id='word_1_75' title='bbox 1231 1385 1359 1443; x_wconf 86' lang='lat' dir='ltr'>addunt.</span> 
     </span>
     <span class='ocr_line' id='line_1_10' title="bbox 231 1487 1361 1566; baseline -0.004 -17"><span class='ocrx_word' id='word_1_76' title='bbox 231 1521 266 1530; x_wconf 90' lang='lat'>-</span> <span class='ocrx_word' id='word_1_77' title='bbox 293 1491 363 1549; x_wconf 89' lang='grc'>694.</span> <span class='ocrx_word' id='word_1_78' title='bbox 386 1487 416 1546; x_wconf 78' lang='lat' dir='ltr'>si</span> <span class='ocrx_word' id='word_1_79' title='bbox 438 1505 548 1549; x_wconf 78' lang='lat' dir='ltr'>uerum</span> <span class='ocrx_word' id='word_1_80' title='bbox 569 1490 640 1548; x_wconf 85' lang='lat' dir='ltr'>ferri</span> <span class='ocrx_word' id='word_1_81' title='bbox 663 1509 722 1547; x_wconf 87' lang='lat' dir='ltr'>uon</span> <span class='ocrx_word' id='word_1_82' title='bbox 745 1493 854 1565; x_wconf 90' lang='lat' dir='ltr'>potest.</span> <span class='ocrx_word' id='word_1_83' title='bbox 899 1487 1025 1566; x_wconf 75' lang='lat' dir='ltr'><strong>Antiqui</strong></span> <span class='ocrx_word' id='word_1_84' title='bbox 1049 1487 1116 1548; x_wconf 88' lang='lat' dir='ltr'>edd.</span> <span class='ocrx_word' id='word_1_85' title='bbox 1142 1503 1251 1547; x_wconf 70' lang='lat' dir='ltr'>uerum</span> <span class='ocrx_word' id='word_1_86' title='bbox 1273 1493 1361 1556; x_wconf 60' lang='lat' dir='ltr'>ente,-</span> 
     </span>
     <span class='ocr_line' id='line_1_11' title="bbox 226 1589 1357 1670; baseline -0.004 -18"><span class='ocrx_word' id='word_1_87' title='bbox 226 1593 389 1670; x_wconf 87' lang='lat' dir='ltr'>ponebant.</span> <span class='ocrx_word' id='word_1_88' title='bbox 435 1590 507 1664; x_wconf 88' lang='lat' dir='ltr'>Sed,</span> <span class='ocrx_word' id='word_1_89' title='bbox 537 1593 595 1652; x_wconf 88' lang='lat' dir='ltr'>nisi</span> <span class='ocrx_word' id='word_1_90' title='bbox 623 1591 726 1663; x_wconf 84' lang='lat' dir='ltr'>fallor,</span> <span class='ocrx_word' id='word_1_91' title='bbox 757 1591 846 1650; x_wconf 85' lang='lat' dir='ltr'>altius</span> <span class='ocrx_word' id='word_1_92' title='bbox 874 1591 950 1650; x_wconf 86' lang='lat' dir='ltr'>latet</span> <span class='ocrx_word' id='word_1_93' title='bbox 977 1590 1077 1663; x_wconf 86' lang='lat' dir='ltr'>olona,</span> <span class='ocrx_word' id='word_1_94' title='bbox 1106 1596 1138 1649; x_wconf 87' lang='lat' dir='ltr'>et</span> <span class='ocrx_word' id='word_1_95' title='bbox 1164 1591 1208 1664; x_wconf 85' lang='lat' dir='ltr'>,si</span> <span class='ocrx_word' id='word_1_96' title='bbox 1230 1589 1357 1648; x_wconf 85' lang='lat' dir='ltr'>uerum“</span> 
     </span>
     <span class='ocr_line' id='line_1_12' title="bbox 226 1691 1361 1772; baseline -0.001 -19"><span class='ocrx_word' id='word_1_97' title='bbox 226 1696 303 1754; x_wconf 88' lang='lat' dir='ltr'>male</span> <span class='ocrx_word' id='word_1_98' title='bbox 331 1695 474 1772; x_wconf 87' lang='lat' dir='ltr'>scriptum</span> <span class='ocrx_word' id='word_1_99' title='bbox 504 1700 549 1752; x_wconf 87' lang='lat' dir='ltr'>est</span> <span class='ocrx_word' id='word_1_100' title='bbox 575 1715 631 1771; x_wconf 89' lang='lat' dir='ltr'>pro</span> <span class='ocrx_word' id='word_1_101' title='bbox 659 1691 713 1752; x_wconf 76' lang='lat' dir='ltr'>sin</span> <span class='ocrx_word' id='word_1_102' title='bbox 742 1707 843 1767; x_wconf 69' lang='lat' dir='ltr'>mm,</span> <span class='ocrx_word' id='word_1_103' title='bbox 873 1713 933 1770; x_wconf 89' lang='lat' dir='ltr'>qno</span> <span class='ocrx_word' id='word_1_104' title='bbox 961 1693 1041 1752; x_wconf 82' lang='lat' dir='ltr'>facto</span> <span class='ocrx_word' id='word_1_105' title='bbox 1071 1699 1175 1770; x_wconf 84' lang='lat' dir='ltr'>postea</span> <span class='ocrx_word' id='word_1_106' title='bbox 1206 1693 1361 1752; x_wconf 89' lang='lat' dir='ltr'>obiectum</span> 
     </span>
     <span class='ocr_line' id='line_1_13' title="bbox 231 1789 1361 1873; baseline -0.002 -17"><span class='ocrx_word' id='word_1_107' title='bbox 231 1795 362 1870; x_wconf 78' lang='lat' dir='ltr'>„erum“,</span> <span class='ocrx_word' id='word_1_108' title='bbox 387 1795 467 1873; x_wconf 91' lang='lat' dir='ltr'>qnod</span> <span class='ocrx_word' id='word_1_109' title='bbox 490 1795 726 1868; x_wconf 77' lang='lat' dir='ltr'>desiderabatur,</span> <span class='ocrx_word' id='word_1_110' title='bbox 750 1797 809 1856; x_wconf 90' lang='lat' dir='ltr'>elio</span> <span class='ocrx_word' id='word_1_111' title='bbox 827 1797 894 1855; x_wconf 88' lang='lat' dir='ltr'>loeo</span> <span class='ocrx_word' id='word_1_112' title='bbox 912 1793 1047 1854; x_wconf 81' lang='lat' dir='ltr'>additum</span> <span class='ocrx_word' id='word_1_113' title='bbox 1065 1801 1119 1854; x_wconf 85' lang='lat' dir='ltr'>eet.</span> <span class='ocrx_word' id='word_1_114' title='bbox 1155 1789 1216 1856; x_wconf 78' lang='lat' dir='ltr'>Sia</span> <span class='ocrx_word' id='word_1_115' title='bbox 1230 1794 1361 1854; x_wconf 87' lang='lat' dir='ltr'>Plautus</span> 
     </span>
     <span class='ocr_line' id='line_1_14' title="bbox 227 1897 1358 1976; baseline -0.003 -17"><span class='ocrx_word' id='word_1_116' title='bbox 227 1904 317 1959; x_wconf 87' lang='lat' dir='ltr'>etiam</span> <span class='ocrx_word' id='word_1_117' title='bbox 351 1899 423 1958; x_wconf 88' lang='lat' dir='ltr'>alibi</span> <span class='ocrx_word' id='word_1_118' title='bbox 456 1901 571 1975; x_wconf 81' lang='lat' dir='ltr'><strong>posuit,</strong></span> <span class='ocrx_word' id='word_1_119' title='bbox 606 1898 655 1957; x_wconf 87' lang='lat' dir='ltr'>ubi</span> <span class='ocrx_word' id='word_1_120' title='bbox 690 1899 771 1958; x_wconf 90' lang='lat' dir='ltr'>nulle</span> <span class='ocrx_word' id='word_1_121' title='bbox 807 1897 969 1957; x_wconf 74' lang='lat' dir='ltr'>antecedat</span> <span class='ocrx_word' id='word_1_122' title='bbox 1001 1897 1061 1958; x_wconf 87' lang='lat' dir='ltr'>alia</span> <span class='ocrx_word' id='word_1_123' title='bbox 1094 1898 1283 1976; x_wconf 78' lang='lat' dir='ltr'>hypothesis,</span> <span class='ocrx_word' id='word_1_124' title='bbox 1319 1899 1358 1956; x_wconf 84' lang='lat' dir='ltr'>cf.</span> 
     </span>
     <span class='ocr_line' id='line_1_15' title="bbox 227 1999 1359 2074; baseline -0.004 -12"><span class='ocrx_word' id='word_1_125' title='bbox 227 2004 294 2062; x_wconf 77' lang='lat' dir='ltr'>Aul.</span> <span class='ocrx_word' id='word_1_126' title='bbox 310 2005 385 2062; x_wconf 79' lang='lat'>581:</span> <span class='ocrx_word' id='word_1_127' title='bbox 414 1999 483 2074; x_wconf 86' lang='lat' dir='ltr'>„Sin</span> <span class='ocrx_word' id='word_1_128' title='bbox 507 2000 660 2072; x_wconf 82' lang='lat' dir='ltr'>dormitat,</span> <span class='ocrx_word' id='word_1_129' title='bbox 685 2005 729 2059; x_wconf 91' lang='lat' dir='ltr'>ita</span> <span class='ocrx_word' id='word_1_130' title='bbox 752 1999 923 2060; x_wconf 45' lang='lat' dir='ltr'>dormitet&amp;</span> <span class='ocrx_word' id='word_1_131' title='bbox 958 2000 1066 2060; x_wconf 85' lang='lat' dir='ltr'>Pseud.</span> <span class='ocrx_word' id='word_1_132' title='bbox 1081 2003 1157 2059; x_wconf 79' lang='lat'>254:</span> <span class='ocrx_word' id='word_1_133' title='bbox 1185 1999 1256 2074; x_wconf 87' lang='lat' dir='ltr'>,Sin</span> <span class='ocrx_word' id='word_1_134' title='bbox 1273 2007 1359 2059; x_wconf 89' lang='lat' dir='ltr'>tuam</span> 
     </span>
     <span class='ocr_line' id='line_1_16' title="bbox 228 2097 1362 2183; baseline -0.004 -19"><span class='ocrx_word' id='word_1_135' title='bbox 228 2112 272 2164; x_wconf 82' lang='lat' dir='ltr'>est</span> <span class='ocrx_word' id='word_1_136' title='bbox 296 2104 449 2183; x_wconf 76' lang='lat' dir='ltr'>quidpiam</span> <span class='ocrx_word' id='word_1_137' title='bbox 472 2106 503 2162; x_wconf 90' lang='lat' dir='ltr'>in</span> <span class='ocrx_word' id='word_1_138' title='bbox 525 2101 619 2162; x_wconf 86' lang='lat' dir='ltr'>rem“.</span> <span class='ocrx_word' id='word_1_139' title='bbox 665 2101 745 2161; x_wconf 87' lang='lat' dir='ltr'>Pers.</span> <span class='ocrx_word' id='word_1_140' title='bbox 771 2105 847 2162; x_wconf 82' lang='lat'>228:</span> <span class='ocrx_word' id='word_1_141' title='bbox 876 2102 946 2176; x_wconf 86' lang='lat' dir='ltr'>,Sin</span> <span class='ocrx_word' id='word_1_142' title='bbox 967 2108 998 2162; x_wconf 85' lang='lat' dir='ltr'>te</span> <span class='ocrx_word' id='word_1_143' title='bbox 1021 2101 1118 2162; x_wconf 75' lang='lat' dir='ltr'>aoso“.</span> <span class='ocrx_word' id='word_1_144' title='bbox 1142 2133 1186 2143; x_wconf 93' lang='lat'>-</span> <span class='ocrx_word' id='word_1_145' title='bbox 1208 2105 1280 2162; x_wconf 84' lang='grc'>695.</span> <span class='ocrx_word' id='word_1_146' title='bbox 1303 2097 1362 2161; x_wconf 79' lang='lat' dir='ltr'>isa·</span> 
     </span>
     <span class='ocr_line' id='line_1_17' title="bbox 228 2201 1360 2268; baseline -0.003 -1"><span class='ocrx_word' id='word_1_147' title='bbox 228 2209 299 2268; x_wconf 92' lang='lat' dir='ltr'>olim</span> <span class='ocrx_word' id='word_1_148' title='bbox 324 2205 521 2266; x_wconf 89' lang='lat' dir='ltr'>emendatum.</span> <span class='ocrx_word' id='word_1_149' title='bbox 540 2235 583 2244; x_wconf 89' lang='lat'>—</span> <span class='ocrx_word' id='word_1_150' title='bbox 600 2201 783 2266; x_wconf 76' lang='lat' dir='ltr'>subdemeri</span> <span class='ocrx_word' id='word_1_151' title='bbox 798 2206 854 2264; x_wconf 92' lang='lat' dir='ltr'>hoc</span> <span class='ocrx_word' id='word_1_152' title='bbox 870 2225 930 2265; x_wconf 90' lang='lat' dir='ltr'>uno</span> <span class='ocrx_word' id='word_1_153' title='bbox 947 2205 1014 2265; x_wconf 86' lang='lat' dir='ltr'>loeo</span> <span class='ocrx_word' id='word_1_154' title='bbox 1032 2211 1123 2264; x_wconf 82' lang='lat' dir='ltr'>extat.</span> <span class='ocrx_word' id='word_1_155' title='bbox 1136 2235 1179 2245; x_wconf 91' lang='lat'>—</span> <span class='ocrx_word' id='word_1_156' title='bbox 1197 2207 1267 2264; x_wconf 84' lang='grc'>696.</span> <span class='ocrx_word' id='word_1_157' title='bbox 1287 2221 1360 2266; x_wconf 82' lang='lat' dir='ltr'>con-</span> 
     </span>
     <span class='ocr_line' id='line_1_18' title="bbox 228 2291 1358 2386; baseline -0.004 -16"><span class='ocrx_word' id='word_1_158' title='bbox 228 2311 337 2370; x_wconf 77' lang='lat' dir='ltr'>suetus</span> <span class='ocrx_word' id='word_1_159' title='bbox 365 2325 398 2368; x_wconf 79' lang='lat' dir='ltr'>ee</span> <span class='ocrx_word' id='word_1_160' title='bbox 419 2324 519 2385; x_wconf 75' lang='lat' dir='ltr'>puer,</span> <span class='ocrx_word' id='word_1_161' title='bbox 547 2308 599 2366; x_wconf 89' lang='lat' dir='ltr'>ubi</span> <span class='ocrx_word' id='word_1_162' title='bbox 629 2327 694 2366; x_wconf 90' lang='lat' dir='ltr'>cum</span> <span class='ocrx_word' id='word_1_163' title='bbox 724 2307 889 2386; x_wconf 83' lang='lat' dir='ltr'>aequalibus</span> <span class='ocrx_word' id='word_1_164' title='bbox 915 2291 1053 2368; x_wconf 76' lang='lat' dir='ltr'>ludebas</span> <span class='ocrx_word' id='word_1_165' title='bbox 1069 2313 1099 2366; x_wconf 89' lang='lat' dir='ltr'>et</span> <span class='ocrx_word' id='word_1_166' title='bbox 1127 2309 1203 2367; x_wconf 86' lang='lat' dir='ltr'>alter</span> <span class='ocrx_word' id='word_1_167' title='bbox 1228 2308 1358 2366; x_wconf 84' lang='lat' dir='ltr'>alterum</span> 
     </span>
     <span class='ocr_line' id='line_1_19' title="bbox 227 2408 1358 2488; baseline -0.002 -18"><span class='ocrx_word' id='word_1_168' title='bbox 227 2413 281 2470; x_wconf 86' lang='lat' dir='ltr'>tali</span> <span class='ocrx_word' id='word_1_169' title='bbox 303 2413 419 2471; x_wconf 84' lang='lat' dir='ltr'>ratione</span> <span class='ocrx_word' id='word_1_170' title='bbox 442 2409 591 2488; x_wconf 85' lang='lat' dir='ltr'>portabat.</span> <span class='ocrx_word' id='word_1_171' title='bbox 638 2409 722 2483; x_wconf 80' lang='lat' dir='ltr'>Quod</span> <span class='ocrx_word' id='word_1_172' title='bbox 746 2408 895 2488; x_wconf 87' lang='lat' dir='ltr'>quomodo</span> <span class='ocrx_word' id='word_1_173' title='bbox 919 2410 1057 2483; x_wconf 82' lang='lat' dir='ltr'>fecerint,</span> <span class='ocrx_word' id='word_1_174' title='bbox 1081 2411 1132 2487; x_wconf 92' lang='lat' dir='ltr'>qui</span> <span class='ocrx_word' id='word_1_175' title='bbox 1156 2410 1251 2469; x_wconf 89' lang='lat' dir='ltr'>oculis</span> <span class='ocrx_word' id='word_1_176' title='bbox 1273 2429 1358 2488; x_wconf 88' lang='lat' dir='ltr'>spee-</span> 
     </span>
     <span class='ocr_line' id='line_1_20' title="bbox 230 2511 1359 2590; baseline -0.002 -18"><span class='ocrx_word' id='word_1_177' title='bbox 230 2522 294 2574; x_wconf 90' lang='lat' dir='ltr'>tare</span> <span class='ocrx_word' id='word_1_178' title='bbox 317 2515 399 2587; x_wconf 88' lang='lat' dir='ltr'>velit,</span> <span class='ocrx_word' id='word_1_179' title='bbox 424 2515 563 2590; x_wconf 85' lang='lat' dir='ltr'>inspiciat</span> <span class='ocrx_word' id='word_1_180' title='bbox 584 2533 612 2571; x_wconf 87' lang='lat' dir='ltr'>v.</span> <span class='ocrx_word' id='word_1_181' title='bbox 638 2536 661 2572; x_wconf 88' lang='lat' dir='ltr'>o.</span> <span class='ocrx_word' id='word_1_182' title='bbox 685 2513 806 2570; x_wconf 84' lang='lat' dir='ltr'>vaseula</span> <span class='ocrx_word' id='word_1_183' title='bbox 827 2514 917 2590; x_wconf 84' lang='lat' dir='ltr'>picta,</span> <span class='ocrx_word' id='word_1_184' title='bbox 941 2514 973 2571; x_wconf 89' lang='lat' dir='ltr'>in</span> <span class='ocrx_word' id='word_1_185' title='bbox 995 2511 1103 2590; x_wconf 88' lang='lat' dir='ltr'>quibus</span> <span class='ocrx_word' id='word_1_186' title='bbox 1125 2511 1269 2572; x_wconf 89' lang='lat' dir='ltr'>Hercules</span> <span class='ocrx_word' id='word_1_187' title='bbox 1285 2511 1359 2570; x_wconf 88' lang='lat' dir='ltr'>Bao·</span> 
     </span>
     <span class='ocr_line' id='line_1_21' title="bbox 230 2602 1356 2689; baseline -0.004 -13"><span class='ocrx_word' id='word_1_188' title='bbox 230 2618 315 2676; x_wconf 86' lang='lat' dir='ltr'>chum</span> <span class='ocrx_word' id='word_1_189' title='bbox 343 2616 440 2688; x_wconf 82' lang='lat' dir='ltr'>vehit,</span> <span class='ocrx_word' id='word_1_190' title='bbox 472 2615 596 2674; x_wconf 86' lang='lat' dir='ltr'>collecta</span> <span class='ocrx_word' id='word_1_191' title='bbox 623 2637 641 2673; x_wconf 88' lang='lat' dir='ltr'>a</span> <span class='ocrx_word' id='word_1_192' title='bbox 663 2615 810 2689; x_wconf 85' lang='lat' dir='ltr'>Prellero,</span> <span class='ocrx_word' id='word_1_193' title='bbox 840 2614 978 2674; x_wconf 88' lang='lat' dir='ltr'>Berichte</span> <span class='ocrx_word' id='word_1_194' title='bbox 1006 2615 1035 2674; x_wconf 91' lang='lat' dir='ltr'>d.</span> <span class='ocrx_word' id='word_1_195' title='bbox 1048 2602 1050 2606; x_wconf 27' lang='lat'><strong>³</strong></span> <span class='ocrx_word' id='word_1_196' title='bbox 1065 2614 1165 2674; x_wconf 69' lang='lat' dir='ltr'>Sichs.</span> <span class='ocrx_word' id='word_1_197' title='bbox 1194 2613 1356 2673; x_wconf 83' lang='lat' dir='ltr'>Gesellseh.</span> 
     </span>
     <span class='ocr_line' id='line_1_22' title="bbox 232 2715 1358 2794; baseline -0.003 -16"><span class='ocrx_word' id='word_1_198' title='bbox 232 2721 323 2792; x_wconf 80' lang='lat'>1855,</span> <span class='ocrx_word' id='word_1_199' title='bbox 346 2719 419 2776; x_wconf 88' lang='lat' dir='ltr'>Teb.</span> <span class='ocrx_word' id='word_1_200' title='bbox 443 2718 510 2777; x_wconf 92' lang='lat' dir='ltr'>l-II.</span> <span class='ocrx_word' id='word_1_201' title='bbox 552 2717 595 2778; x_wconf 80' lang='lat' dir='ltr'>cf.</span> <span class='ocrx_word' id='word_1_202' title='bbox 620 2717 767 2790; x_wconf 86' lang='lat' dir='ltr'>Welcker,</span> <span class='ocrx_word' id='word_1_203' title='bbox 791 2718 861 2776; x_wconf 79' lang='lat' dir='ltr'>Alte</span> <span class='ocrx_word' id='word_1_204' title='bbox 884 2715 1068 2776; x_wconf 61' lang='lat' dir='ltr'>Denkmssa&#39;ler</span> <span class='ocrx_word' id='word_1_205' title='bbox 1089 2716 1142 2790; x_wconf 91' lang='lat' dir='ltr'>III,</span> <span class='ocrx_word' id='word_1_206' title='bbox 1165 2736 1195 2794; x_wconf 91' lang='lat' dir='ltr'>p.</span> <span class='ocrx_word' id='word_1_207' title='bbox 1220 2718 1291 2775; x_wconf 81' lang='lat'>309.</span> <span class='ocrx_word' id='word_1_208' title='bbox 1315 2745 1358 2756; x_wconf 85' lang='lat'>-·-</span> 
     </span>
     <span class='ocr_line' id='line_1_23' title="bbox 228 2817 1356 2881; baseline -0.004 0"><span class='ocrx_word' id='word_1_209' title='bbox 228 2817 299 2881; x_wconf 75' lang='lat' dir='ltr'>acin</span> <span class='ocrx_word' id='word_1_210' title='bbox 325 2824 383 2880; x_wconf 88' lang='lat' dir='ltr'>iam</span> <span class='ocrx_word' id='word_1_211' title='bbox 412 2821 443 2878; x_wconf 85' lang='lat' dir='ltr'>iu</span> <span class='ocrx_word' id='word_1_212' title='bbox 471 2818 496 2877; x_wconf 94' lang='lat' dir='ltr'><strong>B</strong></span> <span class='ocrx_word' id='word_1_213' title='bbox 525 2819 721 2879; x_wconf 88' lang='lat' dir='ltr'>emendatum.</span> <span class='ocrx_word' id='word_1_214' title='bbox 746 2851 788 2860; x_wconf 89' lang='lat'><strong>—</strong></span> <span class='ocrx_word' id='word_1_215' title='bbox 812 2823 882 2880; x_wconf 84' lang='lat'><strong>697.</strong></span> <span class='ocrx_word' id='word_1_216' title='bbox 906 2819 994 2878; x_wconf 88' lang='lat' dir='ltr'>Hunc</span> <span class='ocrx_word' id='word_1_217' title='bbox 1020 2839 1140 2878; x_wconf 83' lang='lat' dir='ltr'>versum</span> <span class='ocrx_word' id='word_1_218' title='bbox 1164 2818 1187 2877; x_wconf 90' lang='lat' dir='ltr'>B</span> <span class='ocrx_word' id='word_1_219' title='bbox 1210 2817 1356 2877; x_wconf 80' lang='lat' dir='ltr'>Philaenio</span> 
     </span>
     <span class='ocr_line' id='line_1_24' title="bbox 228 2915 1357 2995; baseline -0.004 -13"><span class='ocrx_word' id='word_1_220' title='bbox 228 2923 351 2995; x_wconf 88' lang='lat' dir='ltr'>tribuit;</span> <span class='ocrx_word' id='word_1_221' title='bbox 385 2920 451 2981; x_wconf 91' lang='lat' dir='ltr'>edd.</span> <span class='ocrx_word' id='word_1_222' title='bbox 482 2927 564 2980; x_wconf 89' lang='lat' dir='ltr'>recte</span> <span class='ocrx_word' id='word_1_223' title='bbox 593 2921 710 2982; x_wconf 87' lang='lat' dir='ltr'>Libano</span> <span class='ocrx_word' id='word_1_224' title='bbox 739 2923 922 2981; x_wconf 85' lang='lat' dir='ltr'>continuant.</span> <span class='ocrx_word' id='word_1_225' title='bbox 952 2951 994 2964; x_wconf 91' lang='lat'>—</span> <span class='ocrx_word' id='word_1_226' title='bbox 1021 2915 1085 2980; x_wconf 78' lang='lat' dir='ltr'>Abi</span> <span class='ocrx_word' id='word_1_227' title='bbox 1112 2941 1173 2982; x_wconf 90' lang='lat' dir='ltr'>non</span> <span class='ocrx_word' id='word_1_228' title='bbox 1202 2925 1249 2980; x_wconf 88' lang='lat' dir='ltr'>est</span> <span class='ocrx_word' id='word_1_229' title='bbox 1277 2920 1357 2979; x_wconf 88' lang='lat' dir='ltr'>abire</span> 
     </span>
     <span class='ocr_line' id='line_1_25' title="bbox 228 3023 1357 3102; baseline -0.004 -17"><span class='ocrx_word' id='word_1_230' title='bbox 228 3025 372 3098; x_wconf 86' lang='lat' dir='ltr'>iubentis,</span> <span class='ocrx_word' id='word_1_231' title='bbox 401 3025 454 3083; x_wconf 89' lang='lat' dir='ltr'>sed</span> <span class='ocrx_word' id='word_1_232' title='bbox 483 3027 568 3102; x_wconf 88' lang='lat' dir='ltr'>quasi</span> <span class='ocrx_word' id='word_1_233' title='bbox 597 3027 627 3082; x_wconf 90' lang='lat' dir='ltr'>in</span> <span class='ocrx_word' id='word_1_234' title='bbox 657 3025 871 3084; x_wconf 85' lang='lat' dir='ltr'>interiectionis</span> <span class='ocrx_word' id='word_1_235' title='bbox 893 3026 953 3083; x_wconf 85' lang='lat' dir='ltr'>vim</span> <span class='ocrx_word' id='word_1_236' title='bbox 975 3025 1124 3084; x_wconf 86' lang='lat' dir='ltr'>transiens</span> <span class='ocrx_word' id='word_1_237' title='bbox 1146 3023 1281 3101; x_wconf 87' lang='lat' dir='ltr'>ponitur,</span> <span class='ocrx_word' id='word_1_238' title='bbox 1307 3023 1357 3080; x_wconf 90' lang='lat' dir='ltr'>ubi</span> 
     </span>
     <span class='ocr_line' id='line_1_26' title="bbox 229 3126 1356 3204; baseline -0.004 -17"><span class='ocrx_word' id='word_1_239' title='bbox 229 3129 353 3187; x_wconf 82' lang='lat' dir='ltr'>dicimus</span> <span class='ocrx_word' id='word_1_240' title='bbox 375 3147 428 3185; x_wconf 89' lang='lat' dir='ltr'>nos</span> <span class='ocrx_word' id='word_1_241' title='bbox 451 3129 510 3185; x_wconf 87' lang='lat' dir='ltr'>iam</span> <span class='ocrx_word' id='word_1_242' title='bbox 533 3132 690 3186; x_wconf 87' lang='lat' dir='ltr'>contentos</span> <span class='ocrx_word' id='word_1_243' title='bbox 713 3147 777 3186; x_wconf 88' lang='lat' dir='ltr'>esse</span> <span class='ocrx_word' id='word_1_244' title='bbox 800 3147 853 3185; x_wconf 90' lang='lat' dir='ltr'>nec</span> <span class='ocrx_word' id='word_1_245' title='bbox 870 3126 990 3199; x_wconf 84' lang='lat' dir='ltr'>hebere,</span> <span class='ocrx_word' id='word_1_246' title='bbox 1011 3126 1091 3204; x_wconf 93' lang='lat' dir='ltr'>quod</span> <span class='ocrx_word' id='word_1_247' title='bbox 1109 3126 1239 3204; x_wconf 89' lang='lat' dir='ltr'>amplius</span> <span class='ocrx_word' id='word_1_248' title='bbox 1257 3145 1356 3184; x_wconf 90' lang='lat' dir='ltr'>mone-</span> 
     </span>
     <span class='ocr_line' id='line_1_27' title="bbox 229 3226 1358 3308; baseline -0.003 -19"><span class='ocrx_word' id='word_1_249' title='bbox 229 3251 319 3290; x_wconf 88' lang='lat' dir='ltr'>amua.</span> <span class='ocrx_word' id='word_1_250' title='bbox 365 3231 412 3288; x_wconf 91' lang='lat' dir='ltr'>Ad</span> <span class='ocrx_word' id='word_1_251' title='bbox 435 3231 554 3288; x_wconf 88' lang='lat' dir='ltr'>Terent.</span> <span class='ocrx_word' id='word_1_252' title='bbox 580 3230 636 3288; x_wconf 83' lang='lat' dir='ltr'>Ad.</span> <span class='ocrx_word' id='word_1_253' title='bbox 663 3235 694 3303; x_wconf 83' lang='lat'>5,</span> <span class='ocrx_word' id='word_1_254' title='bbox 722 3233 754 3302; x_wconf 94' lang='lat' dir='ltr'>l,</span> <span class='ocrx_word' id='word_1_255' title='bbox 781 3232 797 3288; x_wconf 85' lang='lat'><strong>3</strong></span> <span class='ocrx_word' id='word_1_256' title='bbox 820 3251 855 3278; x_wconf 90' lang='lat'><strong><em>=</em></strong></span> <span class='ocrx_word' id='word_1_257' title='bbox 878 3231 953 3288; x_wconf 79' lang='lat'>765:</span> <span class='ocrx_word' id='word_1_258' title='bbox 987 3228 1135 3308; x_wconf 62' lang='lat' dir='ltr'>„Edepoh</span> <span class='ocrx_word' id='word_1_259' title='bbox 1165 3226 1298 3303; x_wconf 77' lang='lat' dir='ltr'>Syrisce,</span> <span class='ocrx_word' id='word_1_260' title='bbox 1327 3233 1358 3286; x_wconf 91' lang='lat' dir='ltr'>te</span> 
     </span>
     <span class='ocr_line' id='line_1_28' title="bbox 229 3328 1358 3411; baseline -0.003 -20"><span class='ocrx_word' id='word_1_261' title='bbox 229 3337 338 3392; x_wconf 78' lang='lat' dir='ltr'>curasti</span> <span class='ocrx_word' id='word_1_262' title='bbox 367 3333 498 3392; x_wconf 87' lang='lat' dir='ltr'>molliter</span> <span class='ocrx_word' id='word_1_263' title='bbox 520 3333 674 3411; x_wconf 78' lang='lat' dir='ltr'>Lauteque</span> <span class='ocrx_word' id='word_1_264' title='bbox 703 3353 809 3392; x_wconf 89' lang='lat' dir='ltr'>munus</span> <span class='ocrx_word' id='word_1_265' title='bbox 834 3331 1049 3391; x_wconf 70' lang='lat' dir='ltr'>administrasti</span> <span class='ocrx_word' id='word_1_266' title='bbox 1070 3337 1171 3403; x_wconf 75' lang='lat' dir='ltr'>tuum,</span> <span class='ocrx_word' id='word_1_267' title='bbox 1195 3328 1273 3390; x_wconf 80' lang='lat' dir='ltr'>Abi“</span> <span class='ocrx_word' id='word_1_268' title='bbox 1299 3330 1358 3389; x_wconf 92' lang='lat' dir='ltr'>Do·</span> 
     </span>
     <span class='ocr_line' id='line_1_29' title="bbox 227 3433 1355 3509; baseline -0.003 -15"><span class='ocrx_word' id='word_1_269' title='bbox 227 3442 330 3495; x_wconf 88' lang='lat' dir='ltr'>natus:</span> <span class='ocrx_word' id='word_1_270' title='bbox 364 3435 510 3509; x_wconf 84' lang='lat' dir='ltr'>,Verbum</span> <span class='ocrx_word' id='word_1_271' title='bbox 539 3435 587 3493; x_wconf 84' lang='lat' dir='ltr'>vel</span> <span class='ocrx_word' id='word_1_272' title='bbox 615 3435 672 3492; x_wconf 90' lang='lat' dir='ltr'>sibi</span> <span class='ocrx_word' id='word_1_273' title='bbox 699 3435 748 3493; x_wconf 87' lang='lat' dir='ltr'>vel</span> <span class='ocrx_word' id='word_1_274' title='bbox 771 3435 859 3493; x_wconf 87' lang='lat' dir='ltr'>alteri</span> <span class='ocrx_word' id='word_1_275' title='bbox 882 3453 947 3493; x_wconf 88' lang='lat' dir='ltr'>cum</span> <span class='ocrx_word' id='word_1_276' title='bbox 969 3433 1142 3493; x_wconf 85' lang='lat' dir='ltr'>laudatione</span> <span class='ocrx_word' id='word_1_277' title='bbox 1164 3433 1355 3492; x_wconf 87' lang='lat' dir='ltr'>blandientia.</span> 
     </span>
     <span class='ocr_line' id='line_1_30' title="bbox 228 3537 1357 3616; baseline -0.004 -19"><span class='ocrx_word' id='word_1_278' title='bbox 228 3537 302 3597; x_wconf 80' lang='lat' dir='ltr'>Nam</span> <span class='ocrx_word' id='word_1_279' title='bbox 326 3540 368 3597; x_wconf 88' lang='lat' dir='ltr'>sic</span> <span class='ocrx_word' id='word_1_280' title='bbox 389 3537 507 3608; x_wconf 88' lang='lat' dir='ltr'>dicunt,</span> <span class='ocrx_word' id='word_1_281' title='bbox 538 3539 588 3614; x_wconf 92' lang='lat' dir='ltr'>qui</span> <span class='ocrx_word' id='word_1_282' title='bbox 617 3537 675 3595; x_wconf 90' lang='lat' dir='ltr'>iam</span> <span class='ocrx_word' id='word_1_283' title='bbox 704 3542 856 3616; x_wconf 86' lang='lat' dir='ltr'>compotes</span> <span class='ocrx_word' id='word_1_284' title='bbox 884 3541 954 3596; x_wconf 88' lang='lat' dir='ltr'>suut</span> <span class='ocrx_word' id='word_1_285' title='bbox 974 3541 1112 3596; x_wconf 86' lang='lat' dir='ltr'>votorum</span> <span class='ocrx_word' id='word_1_286' title='bbox 1135 3537 1267 3596; x_wconf 87' lang='lat' dir='ltr'>omnium</span> <span class='ocrx_word' id='word_1_287' title='bbox 1291 3556 1357 3613; x_wconf 86' lang='lat' dir='ltr'>per-</span> 
     </span>
     <span class='ocr_line' id='line_1_31' title="bbox 228 3636 1357 3719; baseline -0.002 -21"><span class='ocrx_word' id='word_1_288' title='bbox 228 3641 358 3719; x_wconf 81' lang='lat' dir='ltr'>fectique</span> <span class='ocrx_word' id='word_1_289' title='bbox 386 3643 415 3698; x_wconf 90' lang='lat' dir='ltr'>in</span> <span class='ocrx_word' id='word_1_290' title='bbox 444 3640 533 3698; x_wconf 89' lang='lat' dir='ltr'>rebus</span> <span class='ocrx_word' id='word_1_291' title='bbox 560 3636 738 3698; x_wconf 85' lang='lat' dir='ltr'>universis“.</span> <span class='ocrx_word' id='word_1_292' title='bbox 784 3639 828 3698; x_wconf 88' lang='lat' dir='ltr'>cf.</span> <span class='ocrx_word' id='word_1_293' title='bbox 851 3639 908 3698; x_wconf 81' lang='lat' dir='ltr'>Ad.</span> <span class='ocrx_word' id='word_1_294' title='bbox 935 3640 1011 3698; x_wconf 82' lang='lat'>564:</span> <span class='ocrx_word' id='word_1_295' title='bbox 1044 3638 1181 3712; x_wconf 84' lang='lat' dir='ltr'>,Laudo‚</span> <span class='ocrx_word' id='word_1_296' title='bbox 1205 3637 1357 3717; x_wconf 85' lang='lat' dir='ltr'>Ctesipho,</span> 
     </span>
     <span class='ocr_line' id='line_1_32' title="bbox 226 3738 1356 3819; baseline -0.002 -19"><span class='ocrx_word' id='word_1_297' title='bbox 226 3743 378 3819; x_wconf 82' lang='lat' dir='ltr'>petrissae.</span> <span class='ocrx_word' id='word_1_298' title='bbox 413 3743 481 3816; x_wconf 80' lang='lat' dir='ltr'>Abi,</span> <span class='ocrx_word' id='word_1_299' title='bbox 499 3743 598 3800; x_wconf 90' lang='lat' dir='ltr'>uirum</span> <span class='ocrx_word' id='word_1_300' title='bbox 616 3747 647 3800; x_wconf 87' lang='lat' dir='ltr'>te</span> <span class='ocrx_word' id='word_1_301' title='bbox 664 3738 793 3802; x_wconf 85' lang='lat' dir='ltr'>iudioo“.</span> <span class='ocrx_word' id='word_1_302' title='bbox 818 3739 915 3800; x_wconf 89' lang='lat' dir='ltr'>Plaut.</span> <span class='ocrx_word' id='word_1_303' title='bbox 928 3741 1011 3800; x_wconf 85' lang='lat' dir='ltr'>Trin.</span> <span class='ocrx_word' id='word_1_304' title='bbox 1026 3743 1103 3802; x_wconf 80' lang='lat'><strong>830:</strong></span> <span class='ocrx_word' id='word_1_305' title='bbox 1130 3741 1215 3815; x_wconf 83' lang='lat' dir='ltr'>„Abi‚</span> <span class='ocrx_word' id='word_1_306' title='bbox 1235 3739 1356 3801; x_wconf 83' lang='lat' dir='ltr'>laudo“.</span> 
     </span>
     <span class='ocr_line' id='line_1_33' title="bbox 227 3843 1356 3923; baseline -0.002 -20"><span class='ocrx_word' id='word_1_307' title='bbox 227 3843 285 3903; x_wconf 88' lang='lat' dir='ltr'>Sed</span> <span class='ocrx_word' id='word_1_308' title='bbox 309 3847 399 3903; x_wconf 86' lang='lat' dir='ltr'>etiam</span> <span class='ocrx_word' id='word_1_309' title='bbox 428 3847 490 3903; x_wconf 88' lang='lat' dir='ltr'>sine</span> <span class='ocrx_word' id='word_1_310' title='bbox 519 3843 607 3903; x_wconf 88' lang='lat' dir='ltr'>laude</span> <span class='ocrx_word' id='word_1_311' title='bbox 634 3845 665 3902; x_wconf 90' lang='lat' dir='ltr'>in</span> <span class='ocrx_word' id='word_1_312' title='bbox 694 3843 938 3923; x_wconf 78' lang='lat' dir='ltr'>interrumpendo</span> <span class='ocrx_word' id='word_1_313' title='bbox 962 3845 1015 3902; x_wconf 77' lang='lat' dir='ltr'>aut</span> <span class='ocrx_word' id='word_1_314' title='bbox 1037 3843 1188 3919; x_wconf 84' lang='lat' dir='ltr'>negando,</span> <span class='ocrx_word' id='word_1_315' title='bbox 1210 3849 1246 3902; x_wconf 92' lang='lat' dir='ltr'>ut</span> <span class='ocrx_word' id='word_1_316' title='bbox 1267 3844 1356 3903; x_wconf 86' lang='lat' dir='ltr'>Most.</span> 
     </span>
     <span class='ocr_line' id='line_1_34' title="bbox 231 3944 1357 4020; baseline -0.001 -15"><span class='ocrx_word' id='word_1_317' title='bbox 231 3947 310 4006; x_wconf 88' lang='grc'>1063</span> <span class='ocrx_word' id='word_1_318' title='bbox 335 3953 364 4004; x_wconf 91' lang='lat' dir='ltr'>et</span> <span class='ocrx_word' id='word_1_319' title='bbox 380 3945 445 4005; x_wconf 90' lang='lat' dir='ltr'>Mil.</span> <span class='ocrx_word' id='word_1_320' title='bbox 461 3947 535 4005; x_wconf 77' lang='lat'><strong>326:</strong></span> <span class='ocrx_word' id='word_1_321' title='bbox 564 3945 649 4020; x_wconf 58' lang='lat' dir='ltr'>,Aba</span> <span class='ocrx_word' id='word_1_322' title='bbox 673 3947 752 4004; x_wconf 92' lang='lat' dir='ltr'>ludis</span> <span class='ocrx_word' id='word_1_323' title='bbox 770 3944 847 4006; x_wconf 83' lang='lat' dir='ltr'>me“.</span> <span class='ocrx_word' id='word_1_324' title='bbox 882 3946 951 4005; x_wconf 89' lang='lat' dir='ltr'>Aul.</span> <span class='ocrx_word' id='word_1_325' title='bbox 972 3948 1043 4006; x_wconf 81' lang='lat'>814.</span> <span class='ocrx_word' id='word_1_326' title='bbox 1066 3945 1357 4005; x_wconf 82' lang='lat' dir='ltr'>Mil.1104.al.-</span> 
     </span>
     <span class='ocr_line' id='line_1_35' title="bbox 228 4043 1356 4123; baseline -0.001 -16"><span class='ocrx_word' id='word_1_327' title='bbox 228 4043 322 4108; x_wconf 76' lang='lat' dir='ltr'>laudo</span> <span class='ocrx_word' id='word_1_328' title='bbox 343 4065 399 4110; x_wconf 78' lang='lat' dir='ltr'>nec</span> <span class='ocrx_word' id='word_1_329' title='bbox 417 4095 423 4107; x_wconf 88' lang='lat'><em>.</em></span> <span class='ocrx_word' id='word_1_330' title='bbox 438 4094 465 4107; x_wconf 95' lang='lat'>..</span> <span class='ocrx_word' id='word_1_331' title='bbox 485 4049 542 4123; x_wconf 78' lang='lat' dir='ltr'>est,</span> <span class='ocrx_word' id='word_1_332' title='bbox 565 4051 585 4107; x_wconf 84' lang='lat' dir='ltr'>i.</span> <span class='ocrx_word' id='word_1_333' title='bbox 603 4070 628 4107; x_wconf 87' lang='lat' dir='ltr'>a.</span> <span class='ocrx_word' id='word_1_334' title='bbox 652 4048 743 4112; x_wconf 84' lang='lat' dir='ltr'>laudo</span> <span class='ocrx_word' id='word_1_335' title='bbox 760 4069 814 4108; x_wconf 90' lang='lat' dir='ltr'>nec</span> <span class='ocrx_word' id='word_1_336' title='bbox 833 4069 898 4108; x_wconf 84' lang='lat' dir='ltr'>esse</span> <span class='ocrx_word' id='word_1_337' title='bbox 917 4048 1057 4108; x_wconf 83' lang='lat' dir='ltr'>arbitror.</span> <span class='ocrx_word' id='word_1_338' title='bbox 1092 4047 1139 4108; x_wconf 83' lang='lat' dir='ltr'>Fl.</span> <span class='ocrx_word' id='word_1_339' title='bbox 1160 4067 1216 4122; x_wconf 83' lang='lat' dir='ltr'>„ne</span> <span class='ocrx_word' id='word_1_340' title='bbox 1229 4095 1236 4106; x_wconf 95' lang='lat'>.</span> <span class='ocrx_word' id='word_1_341' title='bbox 1251 4095 1257 4106; x_wconf 96' lang='lat'>.</span> <span class='ocrx_word' id='word_1_342' title='bbox 1272 4095 1279 4106; x_wconf 91' lang='lat'><em>.</em></span> <span class='ocrx_word' id='word_1_343' title='bbox 1292 4049 1356 4107; x_wconf 90' lang='lat' dir='ltr'>uul-</span> 
     </span>
     <span class='ocr_line' id='line_1_36' title="bbox 226 4148 1356 4230; baseline -0.002 -20"><span class='ocrx_word' id='word_1_344' title='bbox 226 4148 290 4210; x_wconf 89' lang='lat' dir='ltr'>lus“</span> <span class='ocrx_word' id='word_1_345' title='bbox 316 4152 451 4228; x_wconf 87' lang='lat' dir='ltr'>scripsit;</span> <span class='ocrx_word' id='word_1_346' title='bbox 474 4149 526 4209; x_wconf 86' lang='lat' dir='ltr'>aed</span> <span class='ocrx_word' id='word_1_347' title='bbox 543 4150 666 4210; x_wconf 88' lang='lat' dir='ltr'>Plautus</span> <span class='ocrx_word' id='word_1_348' title='bbox 688 4151 841 4210; x_wconf 88' lang='lat' dir='ltr'>interdum</span> <span class='ocrx_word' id='word_1_349' title='bbox 858 4171 913 4229; x_wconf 89' lang='lat' dir='ltr'>per</span> <span class='ocrx_word' id='word_1_350' title='bbox 930 4151 1116 4230; x_wconf 83' lang='lat' dir='ltr'>copulativae</span> <span class='ocrx_word' id='word_1_351' title='bbox 1134 4150 1356 4210; x_wconf 85' lang='lat' dir='ltr'>coniunctiones</span> 
     </span>
     <span class='ocr_line' id='line_1_37' title="bbox 226 4252 1356 4332; baseline -0.001 -21"><span class='ocrx_word' id='word_1_352' title='bbox 226 4253 361 4312; x_wconf 86' lang='lat' dir='ltr'>mambra</span> <span class='ocrx_word' id='word_1_353' title='bbox 394 4255 548 4332; x_wconf 80' lang='lat' dir='ltr'>coniungit</span> <span class='ocrx_word' id='word_1_354' title='bbox 581 4253 704 4312; x_wconf 82' lang='lat' dir='ltr'>diversae</span> <span class='ocrx_word' id='word_1_355' title='bbox 738 4259 912 4328; x_wconf 85' lang='lat' dir='ltr'>structurae,</span> <span class='ocrx_word' id='word_1_356' title='bbox 945 4252 998 4312; x_wconf 85' lang='lat' dir='ltr'>ubi</span> <span class='ocrx_word' id='word_1_357' title='bbox 1030 4272 1084 4312; x_wconf 88' lang='lat' dir='ltr'>nos</span> <span class='ocrx_word' id='word_1_358' title='bbox 1121 4253 1356 4312; x_wconf 88' lang='lat' dir='ltr'>coniunctionem</span> 
     </span>
     <span class='ocr_line' id='line_1_38' title="bbox 227 4355 1356 4433; baseline -0.002 -19"><span class='ocrx_word' id='word_1_359' title='bbox 227 4355 330 4414; x_wconf 84' lang='lat' dir='ltr'>abesse</span> <span class='ocrx_word' id='word_1_360' title='bbox 352 4356 523 4428; x_wconf 86' lang='lat' dir='ltr'>mallemus,</span> <span class='ocrx_word' id='word_1_361' title='bbox 555 4355 590 4414; x_wconf 84' lang='lat' dir='ltr'>cf.</span> <span class='ocrx_word' id='word_1_362' title='bbox 614 4355 705 4414; x_wconf 88' lang='lat' dir='ltr'>Most.</span> <span class='ocrx_word' id='word_1_363' title='bbox 731 4357 806 4415; x_wconf 74' lang='lat'><strong>596:</strong></span> <span class='ocrx_word' id='word_1_364' title='bbox 842 4356 947 4430; x_wconf 87' lang='lat' dir='ltr'>,Ultro</span> <span class='ocrx_word' id='word_1_365' title='bbox 970 4357 1015 4414; x_wconf 83' lang='lat' dir='ltr'>te!</span> <span class='ocrx_word' id='word_1_366' title='bbox 1043 4375 1140 4433; x_wconf 87' lang='lat' dir='ltr'>neque</span> <span class='ocrx_word' id='word_1_367' title='bbox 1169 4372 1224 4429; x_wconf 76' lang='lat' dir='ltr'>ego</span> <span class='ocrx_word' id='word_1_368' title='bbox 1252 4355 1356 4413; x_wconf 84' lang='lat' dir='ltr'>taetri·</span> 
     </span>
    </p>
   </div>
   <div class='ocr_carea' id='block_1_3' title="bbox 0 0 1488 5030">
    <p class='ocr_par' dir='ltr' id='par_1_3' title="bbox 0 0 1488 5030">
     <span class='ocr_line' id='line_1_39' title="bbox 0 0 1488 5030; baseline 0 1"><span class='ocrx_word' id='word_1_369' title='bbox 0 0 1488 5030; x_wconf 95' lang='lat' dir='ltr'> </span> 
     </span>
    </p>
   </div>
  </div>
 </body>
</html>
