2960 5038
608 486 641 542 V·
662 489 734 542 1-5·
1173 495 1235 556 233

88 678 167 737 Hreo
192 700 291 739 scene
311 681 419 740 fabulae
445 682 571 740 interiit.
603 713 638 722 -
672 684 700 740 7.
723 676 883 758 Raptam,
913 702 972 740 non
1000 683 1133 742 convicio
1162 684 1235 758 solo,

88 781 148 838 sed
172 783 276 841 etiam
296 783 433 842 manibus
453 787 595 860 aggressi,
614 785 650 842 ci.
667 785 769 844 Aulul.
788 787 864 843 622:
893 784 988 857 „Quid
1010 805 1057 843 me
1079 783 1235 844 adflictas?

88 884 170 960 quid
201 905 259 944 me
286 885 408 964 raptas?
442 908 501 963 qua
530 907 577 944 me
607 907 697 945 causa
725 885 905 946 verberes?“
936 918 981 928 -
1009 889 1036 946 8.
1064 903 1129 947 mm
1157 885 1234 964 quii.

87 985 239 1045 Verbum
263 991 415 1048 sententio
437 991 588 1065 primariae
612 991 642 1048 in
665 991 813 1048 sententia
832 989 1008 1050 secundaria
1025 993 1235 1067 interponitur,

89 1089 128 1146 cf.
154 1090 276 1166 Amph.
300 1092 355 1150 84:
388 1093 501 1164 „Quinc
524 1111 583 1168 quo
606 1093 739 1168 placeret
765 1093 842 1150 alter
863 1093 982 1150 fecisset
1004 1091 1131 1152 minus“.
1177 1092 1236 1152 See-

87 1192 164 1268 pius
186 1192 363 1268 Lucretius,
387 1215 414 1252 v.
433 1195 542 1253 Munro
566 1194 604 1251 od
622 1195 675 1266 111,
695 1197 771 1268 843;
795 1196 831 1253 cf.
849 1195 951 1253 Madv.
969 1195 1020 1254 Gr.
1040 1195 1107 1254 Lat.
1127 1196 1235 1254 47411.

88 1323 136 1334 -
157 1295 190 1352 9.
218 1296 331 1356 Versus
350 1303 463 1373 septem
482 1295 658 1355 iamborum.
692 1297 779 1356 Both.
797 1297 843 1356 Fl.
862 1298 908 1356 ed.
935 1300 1083 1374 „geminos
1102 1298 1156 1356 illa
1173 1299 1236 1356 eni·

90 1395 210 1456 titur“.
248 1399 378 1458 Facilius
401 1403 589 1458 omitteretur
605 1419 669 1458 voc.
692 1397 874 1474 „geminos“‚
898 1406 933 1458 ut
954 1399 1066 1472 „dolis“
1086 1400 1158 1478 Arg.
1170 1402 1192 1473 Ι,
1207 1403 1234 1458 7.

582 1758 757 1828 Prologus

97 1906 193 1968 huius
229 1911 336 1970 fabulae
371 1912 503 1970 eiusdem
538 1917 583 1970 est
615 1914 734 1986 generis
763 1917 852 1989 atque
879 1911 1030 1990 plerique,
1060 1913 1112 1987 qui
1134 1911 1235 1969 Plauti

97 2009 216 2070 fabulis
237 2018 476 2090 anteponuntur,
499 2017 519 2072 i.
543 2037 584 2087 e.‚
609 2020 642 2074 ut
664 2017 696 2072 in
718 2014 936 2092 prolegomenis
961 2035 990 2092 p.
1018 2016 1075 2074 163
1100 2015 1235 2091 exposui·

100 2131 187 2186 mus,
214 2135 272 2173 non
294 2115 332 2174 ab
355 2117 420 2193 ipso
443 2116 550 2176 Plauto
572 2118 740 2195 profectus,
764 2117 817 2175 sed
838 2119 928 2193 paulo
951 2118 1119 2195 posteriore
1147 2120 1235 2174 aetste

103 2214 239 2276 additus.
284 2219 383 2290 Quare
405 2221 429 2278 si
453 2240 540 2297 quem
562 2220 727 2296 loquecitas
750 2224 801 2277 aut
822 2221 941 2298 ineptire
972 2224 1023 2277 aut
1046 2219 1128 2277 aliud
1150 2217 1235 2295 quid·

102 2337 198 2392 quam
221 2320 363 2394 offendat,
386 2321 493 2382 Plauto
515 2325 663 2400 imputare
687 2322 791 2382 nolito.

194 2423 316 2500 Prologi
339 2429 439 2501 partes
461 2425 628 2490 Mercurius
656 2427 718 2501 agit
740 2426 771 2482 in
794 2423 884 2483 Sosioe
907 2425 1034 2502 speciem
1056 2427 1235 2501 personatus

104 2517 146 2592 (v.
174 2526 233 2582 141
258 2523 349 2602 sqq.).
390 2527 420 2585 Is
447 2533 632 2604 spectatores
655 2532 730 2598 orat,
754 2531 789 2584 ut
809 2527 938 2603 benigno
961 2527 1081 2586 silentio
1105 2526 1236 2584 fabulam

105 2625 235 2684 audiant
260 2629 390 2706 iustique
417 2634 480 2686 tam
514 2629 623 2688 fabuloe
659 2648 748 2706 quam
781 2628 958 2688 histrionum
991 2629 1104 2688 iudices
1131 2630 1192 2687 sint
1219 2649 1236 2687 a

105 2745 204 2801 pravo
232 2730 346 2788 ambitu
377 2736 407 2789 et
434 2733 565 2810 partium
594 2731 692 2788 studio
720 2721 837 2790 remoti.
882 2731 996 2790 Deinde
1029 2737 1237 2806 argumentum

107 2834 234 2908 exponit
256 2838 287 2890 et
309 2853 438 2906 errores,
467 2834 547 2892 unde
574 2838 666 2892 tantae
695 2832 791 2892 turbre
822 2833 959 2893 oriuntur
981 2840 1011 2892 et
1033 2839 1137 2892 tantus
1158 2835 1237 2891 risus

107 2940 256 3008 movetur,
280 2941 417 2994 accurate
439 2937 568 3010 explieat
591 2957 634 3008 ac,
656 2955 694 2994 ne
717 2935 796 2994 idem
819 2957 911 3010 error,
936 2939 987 3014 qui
1006 2937 1114 2996 fabulas
1132 2936 1236 2994 turbes

108 3041 199 3108 creat,
223 3038 313 3095 etiam
335 3043 517 3114 spectatores
539 3044 648 3111 teneat,
671 3039 824 3115 prospicit.
852 3057 856 3064 ·

195 3139 245 3198 Vs.
272 3141 383 3198 1-15,
422 3141 481 3213 „Ut
507 3137 573 3199 me“
604 3141 704 3217 inquit
741 3140 841 3210 „lucro
870 3145 902 3198 et
928 3140 1015 3198 bonis
1042 3141 1155 3198 nuntiis
1182 3159 1235 3198 vos

110 3259 219 3318 augere
241 3242 349 3314 vultis,
377 3244 420 3299 ita
447 3261 500 3300 vos
529 3241 660 3300 fabulam
682 3243 782 3318 agenti
804 3241 890 3314 mihi,
921 3246 1010 3318 atque
1039 3242 1112 3300 adeo
1139 3240 1234 3312 nobie,

109 3343 262 3402 silentium
280 3343 470 3420 prebeatis“.
506 3339 569 3406 Uos
586 3345 695 3402 obiecti
711 3343 809 3402 locum
827 3349 919 3402 tenet.
951 3339 1058 3404 lectum
1080 3347 1099 3402 i.
1119 3363 1144 3401 e.
1166 3362 1235 3420 pro·

109 3445 227 3520 pitium‚
251 3465 321 3503 nam
343 3452 377 3504 nt
399 3447 496 3504 tristis
519 3448 634 3504 animus
657 3445 810 3518 adirem,
834 3448 877 3505 ita
898 3446 985 3505 laetua
1009 3446 1047 3504 cd
1069 3445 1235 3518 benignite-

110 3550 168 3604 tem
190 3567 359 3624 propensus
384 3553 437 3606 est.
461 3579 504 3588 -
526 3549 554 3606 4.
584 3549 781 3620 „uestrorum
807 3547 1000 3606 multifariam
1023 3547 1235 3623 scriptumest

109 3667 163 3723 pro
186 3646 359 3724 uosirwffl,
383 3651 426 3708 ait
447 3651 562 3709 Gellius
584 3649 650 3722 XX,
675 3651 702 3722 6,
730 3652 767 3708 12
791 3649 916 3708 afferens
939 3649 1029 3707 Most.
1055 3649 1126 3706 275.
1157 3647 1234 3705 Add.

110 3749 176 3809 Aul.
202 3753 278 3824 313,
301 3752 409 3812 Pseud.
435 3754 505 3810 586.
550 3752 695 3812 Similiter
721 3753 902 3812 nostrorum
930 3752 1009 3809 inira
1033 3752 1129 3823 1050,
1153 3749 1234 3808 Poen.

112 3853 187 3926 8643
224 3855 405 3914 nostrarum
433 3855 552 3913 Trucul.
582 3855 653 3912 251.
688 3855 806 3912 Terent.
835 3853 911 3911 Eun.
941 3854 1018 3926 67&
1054 3852 1236 3912 coritarum

111 3952 215 4014 Pseud.
231 3957 301 4029 185,
318 3956 410 4016 Stich.
427 3958 495 4029 145,
514 3955 581 4014 Ter.
594 3951 665 4014 Ho'c.
679 3957 751 4014 240.
771 3985 808 3994 -
829 3957 857 4014 5.
876 3951 1024 4030 expedire
1046 3955 1235 4012 transitivum

112 4077 171 4116 esse
195 4065 334 4135 apparet,
363 4064 397 4116 ut
424 4059 589 4116 subiectum
613 4073 662 4117 me
685 4063 737 4116 eut
759 4057 899 4116 audiatur
921 4062 973 4115 eut
996 4056 1163 4116 addendum
1186 4058 1233 4115 sit.

113 4157 173 4220 Hoc
192 4161 312 4236 pratuli
331 4160 474 4219 suadente
488 4159 608 4218 Gertzio
629 4181 704 4232 mco,
728 4165 762 4218 ut
784 4161 921 4218 voluerat
932 4160 1056 4219 Lomcn.
1068 4159 1233 4218 Miscellan.

114 4262 251 4338 philolog.
275 4262 370 4320 Amst.
397 4263 494 4333 1850,
518 4283 548 4338 p.
576 4258 857 4339 ΙΠ,-8818981
882 4282 938 4340 pro
955 4277 1089 4338 peregre
1111 4262 1175 4320 cod.
1199 4260 1234 4320 B.

114 4384 154 4440 pr.
183 4383 272 4430 manu
301 4365 393 4422 habet
426 4363 586 4422 secundum
619 4366 767 4441 regulam,
802 4385 890 4442 qnam
919 4367 1062 4443 proponit
1083 4365 1234 4424 Charisius
