2968 5030
240 521 303 582 420
740 515 879 570 Adnuit

241 708 286 777 (in
307 709 332 768 Β
355 709 392 768 ab
415 711 502 770 initio
534 707 650 788 ,poda“
682 709 796 784 fuerat,
827 729 927 770 errore
955 729 1016 770 non
1044 707 1143 784 raro),
1172 729 1234 770 non
1263 711 1369 770 iniuria

239 813 364 886 Mdller,
393 811 514 872 Nachtr.
544 831 573 890 p.
601 813 676 886 121,
705 812 866 872 ablativum
895 813 1047 891 pustulat,
1078 832 1147 872 nam
1176 811 1271 872 Stich.
1294 813 1368 872 702:

244 915 339 988 ‚Uide
362 921 436 994 quot
459 914 582 991 cyathos
604 913 751 974 bibimus“
778 914 861 974 eliud
883 919 943 989 em,
971 915 1113 993 quoniam
1140 913 1267 990 cyathus
1293 933 1368 972 men-

239 1037 338 1078 suram
362 1017 483 1077 indicat.
529 1016 572 1076 cf.
597 1017 689 1076 Stich.
714 1019 791 1076 726:
820 1016 905 1090 ,Uno
928 1016 1070 1076 cantharo
1092 1013 1230 1094 poure‘.
1274 1015 1367 1076 Oasin

242 1123 318 1180 863:
356 1121 415 1193 ,Ut
448 1139 537 1180 sonex
571 1119 626 1178 hoc
654 1119 759 1180 eodem
788 1119 912 1198 poculo,
941 1139 1002 1197 quo
1031 1139 1086 1198 ego
1115 1119 1194 1192 bibi,
1223 1117 1366 1179 biberet&

240 1223 298 1282 Sed
321 1224 345 1282 si
362 1217 478 1298 poculo
500 1221 528 1280 h.
549 1221 567 1280 l.
592 1223 739 1299 scriptum
762 1221 829 1296 fuit,
853 1223 944 1281 etiam
967 1236 1030 1282 uno
1052 1221 1242 1282 scribendum
1259 1227 1312 1281 est.
1329 1251 1369 1260 -

242 1327 313 1384 765.
338 1325 398 1384 Ubi
420 1331 469 1398 tu,
494 1325 601 1402 inquit,
625 1325 765 1402 poculum
788 1325 1006 1402 propinaveris,
1033 1324 1086 1383 abs
1107 1329 1138 1382 tc
1162 1325 1301 1402 accipiet,
1322 1323 1368 1382 ubi

240 1431 307 1505 ipsa
328 1427 509 1506 principium
532 1427 648 1499 fecerit,
673 1425 728 1486 tibi
750 1427 863 1502 madet,
886 1433 922 1485 ut
944 1445 999 1486 nso
1014 1425 1082 1504 plus
1099 1445 1154 1488 neo
1171 1427 1268 1486 minus
1285 1447 1368 1504 quam

240 1537 275 1588 tu
298 1529 352 1588 illa
374 1529 468 1602 bibat,
492 1549 545 1588 nec
567 1530 635 1608 plus
658 1531 830 1589 autminus
854 1548 943 1606 quam
965 1533 999 1588 bn
1017 1525 1126 1604 sapiat
1140 1536 1193 1588 eut
1210 1529 1369 1607 intelliget,

241 1651 309 1690 nam
337 1632 527 1710 propinando
556 1633 686 1691 conviva
716 1633 807 1692 animi
834 1631 959 1691 edemus
989 1631 1046 1690 sibi
1074 1629 1298 1710 significabant,
1320 1653 1370 1690 neo

241 1755 311 1794 raro
334 1755 390 1813 per
411 1734 521 1811 pocula
543 1735 654 1794 amoris
676 1735 780 1794 furtivi
801 1733 921 1794 vincula
937 1733 1157 1812 quaerebantur,
1175 1740 1210 1794 ut
1227 1755 1274 1812 ap.
1287 1733 1370 1794 ovid.

242 1839 344 1896 Amor.
369 1837 396 1911 I,
421 1840 455 1910 4,
482 1839 518 1895 31
545 1857 589 1915 sq.
639 1837 738 1910 ,Quae
766 1843 800 1896 tu
827 1835 1008 1909 reddideris,
1038 1855 1094 1912 ogo
1123 1839 1238 1915 primus
1268 1837 1372 1915 pocula

241 1961 366 2014 sumam,
391 1945 421 1998 et
443 1959 503 2018 qna
525 1945 559 1998 tu
581 1937 707 2012 biberis,
730 1939 786 1998 hec
809 1958 863 2016 ego
886 1945 971 2018 purte
992 1935 1122 1998 bibam“.
1168 1938 1227 1998 Sed
1249 1939 1372 1998 ridicule

241 2043 299 2102 hoc
327 2043 391 2101 loco
420 2057 532 2119 sapere
559 2044 695 2118 ponitur,
726 2043 812 2118 qnasi
845 2043 1008 2120 sapientem
1036 2043 1139 2102 ιὶιιιιιιι
1167 2043 1270 2102 iaciat
1315 2041 1374 2100 Nec

243 2165 278 2205 eo
311 2147 409 2206 minus
443 2144 564 2222 stupido
600 2145 783 2204 adulescenti
817 2145 925 2223 placet.
954 2175 997 2186 -
1027 2141 1080 2205 led
1105 2144 1181 2203 etB
1208 2149 1315 2204 tuetur
1347 2151 1375 2202 ot·

242 2254 410 2308 ceterorum
445 2266 530 2306 error
563 2243 709 2320 „adstet“.
739 2277 782 2287 -
812 2249 882 2306 766.
907 2247 1009 2306 Prima
1039 2247 1162 2326 dipodia
1192 2251 1313 2306 constat
1341 2267 1375 2306 ox

243 2350 363 2428 dactylo
398 2355 427 2410 et
459 2349 573 2422 iambo;
603 2350 650 2410 Fl.
674 2355 805 2428 transp:
839 2349 901 2424 ,Ne
929 2351 1027 2410 minus
1055 2346 1143 2423 illa“;
1171 2348 1284 2408 Muller
1315 2349 1374 2424 ,Ne

242 2451 346 2513 illaco“
373 2459 425 2512 aut
452 2453 513 2526 „Ne
535 2453 585 2512 ills
611 2449 691 2527 [aut]
714 2454 811 2512 minus
840 2449 911 2510 aut“
942 2451 1107 2525 scribebat,
1139 2451 1220 2530 quod
1249 2451 1375 2512 fortasse
1458 2455 1459 2462 ’

243 2557 336 2634 recipi
360 2556 459 2616 debet.

331 2661 402 2717 768,
437 2661 515 2718 Ante
549 2655 669 2718 bomini
701 2659 816 2732 hiatus3
855 2657 900 2716 Fl.
939 2653 1100 2735 ,usquam“
1138 2656 1286 2729 addebat,
1327 2657 1375 2716 olii

243 2761 494 2838 transponabant:
530 2763 622 2839 ,pedo
651 2763 764 2821 bomini
791 2761 899 2838 podem
927 2757 1076 2840 premnt“,
1112 2759 1193 2837 quod
1225 2759 1374 2838 improbet
1457 2781 1458 2790 ¹

244 2863 342 2922 Luchs
371 2863 402 2921 in
431 2862 627 2924 Studemundi
651 2864 764 2924 Studiis
787 2863 815 2938 1,
838 2885 867 2943 p.
894 2866 943 2922 22.
967 2893 1010 2903 -
1032 2856 1146 2940 Neque
1172 2882 1228 2940 pro
1262 2859 1371 2936 „neue“

244 2967 373 3043 positum
396 2987 455 3025 non
478 2969 582 3044 paucis
605 2967 748 3046 exemplis
772 2965 944 3026 defenditur
965 2987 993 3024 v.
1015 2965 1114 3024 Holtz.
1139 2963 1262 3042 Syntax.
1286 2967 1372 3043 prisc.

244 3069 310 3128 Lat.
338 3089 367 3146 p.
394 3071 462 3128 326.
493 3100 535 3110 -
564 3068 649 3142 Quod
684 3069 721 3128 ed
755 3069 983 3145 intelligendum
1017 3068 1095 3127 huno
1128 3068 1225 3126 locum
1257 3068 1371 3140 attinet,

245 3172 369 3230 cenandi
393 3173 470 3230 ratio
494 3193 553 3231 non
577 3193 612 3230 ea
636 3179 689 3244 est,
713 3193 779 3251 quas
804 3173 970 3249 antiquitus
993 3171 1084 3230 fuisse
1107 3170 1225 3243 dicitur,
1251 3177 1287 3228 ut
1307 3170 1372 3228 viris

245 3274 420 3334 cubantibus
451 3276 566 3334 feminae
595 3276 734 3334 sederent
764 3272 873 3348 (Valar.
897 3275 979 3334 Max.
1003 3273 1047 3348 11,
1076 3277 1107 3347 l,
1133 3269 1175 3346 2).
1220 3271 1298 3332 Nam
1326 3273 1372 3350 qui

244 3380 410 3453 posteriore
444 3383 578 3456 tempore
611 3379 701 3436 etiam
734 3384 941 3438 matronarum
970 3395 1034 3436 mos
1064 3377 1121 3437 fuit
1157 3373 1370 3448 (Friedldnder.

244 3478 512 3558 Sittongesohicbte
535 3480 626 3539 Roms
649 3480 678 3552 l,
702 3502 731 3559 p.
758 3477 843 3554 285),
867 3485 901 3538 ut
928 3499 993 3538 cum
1016 3479 1090 3539 viris
1113 3478 1329 3552 accumberent,
1350 3480 1371 3535 is

245 3583 327 3640 nullo
356 3603 415 3641 non
442 3589 577 3662 tompore
607 3585 794 3643 meretricum
825 3603 888 3642 esse
915 3584 1028 3659 potuit,
1059 3583 1163 3660 itaque
1190 3582 1239 3640 hic
1267 3580 1370 3641 factum

245 3703 308 3742 esse
337 3685 469 3744 ostendit
496 3707 523 3744 v.
550 3689 620 3746 823.
666 3687 842 3746 Triclinium
871 3685 957 3744 nobis
987 3685 1178 3744 informemus
1207 3685 1307 3743 animo
1335 3685 1370 3742 eis

246 3789 352 3860 simile,
377 3809 443 3867 quae
465 3791 496 3846 in
518 3789 616 3849 hortis
640 3789 817 3866 quibusdam
836 3789 1026 3865 Pompeianis
1049 3789 1285 3866 conspiciuntur,
1308 3787 1370 3846 Phi-

246 3889 393 3968 laenioque
421 3912 480 3950 non
507 3892 640 3950 infimum
665 3893 795 3951 omnium
820 3897 850 3950 et
872 3895 1039 3950 extromum
1062 3891 1159 3949 locum
1183 3889 1302 3964 demus,
1325 3890 1370 3949 sed

246 3993 276 4049 in
299 3993 398 4052 medio
420 3993 498 4054 lecto
523 4015 587 4054 cum
611 4001 743 4054 amatore
767 3994 959 4054 accubantem
983 3992 1138 4071 fingamus.
1184 3993 1259 4053 Inde
1280 3998 1306 4054 si
1328 4015 1369 4053 ne-

247 4114 327 4153 cesse
356 4096 446 4154 fucrit
474 4099 500 4155 ei
529 4103 562 4156 nt
592 4098 718 4157 exeundi
742 4117 830 4156 causa
852 4101 971 4174 surgat,
994 4095 1059 4155 fieri
1082 4119 1142 4157 non
1165 4101 1281 4174 potest,
1305 4099 1369 4175 quin

246 4204 357 4276 praeter
381 4200 453 4258 alios
477 4201 616 4258 convivas
638 4205 782 4272 transeat,
806 4221 866 4277 qua
884 4203 1038 4259 occasione
1056 4221 1093 4258 ne
1110 4200 1232 4260 alterius
1249 4199 1369 4260 bominis

247 4298 352 4377 pedem
376 4321 430 4359 suo
453 4301 529 4378 peda
551 4307 656 4376 tangat
686 4300 732 4376 (ut
756 4307 875 4361 amator
897 4303 947 4361 ille
970 4301 1136 4364 Ouidianus
1159 4303 1223 4363 Art.
1249 4303 1277 4376 1,
1302 4297 1366 4376 606)
