2992 5054
806 496 899 550 rum
1194 499 1408 566 numu-ue

738 685 974 771 Amphitruo

990 793 1062 873 Quo
1084 795 1203 862 modo?

798 903 915 970 Sosia

291 1015 394 1079 Recte
417 1013 506 1094 dicit,
528 1019 566 1078 ut
588 1014 810 1094 conmemiuit3
833 1013 993 1078 somnium
1015 1019 1131 1078 narret
1153 1011 1223 1078 tibi.

291 1122 364 1204 Sed,
386 1123 513 1202 mulier,
537 1129 712 1208 postquem
734 1121 960 1205 experrecte’e
982 1127 1016 1187 te
1039 1121 1216 1205 prodigiali
1238 1123 1311 1188 Ioui

289 1231 355 1296 Aut
378 1231 465 1297 mola
487 1231 575 1296 selue
596 1229 694 1296 hodie
717 1235 776 1296 eut
797 1235 872 1294 ture
895 1235 1126 1313 conpreeatam
1149 1232 1303 1314 oportuit.

747 1338 965 1405 Alcumena

291 1424 361 1491 Uee
385 1426 487 1510 capiti
507 1432 575 1490 tuo.

1466 1341 1467 1396 t

796 1531 911 1598 Sosia

589 1641 659 1706 Tua
681 1643 767 1706 istuc
788 1639 900 1720 refert,
923 1641 951 1705 ei
974 1641 1151 1706 euruueris.

1466 1804 1467 1826 ι

748 1749 963 1815 Alcumena

290 1817 512 1924 Iterum·iem
545 1858 599 1923 hie
631 1859 665 1924 in
698 1879 749 1924 me
781 1859 995 1924 inclementer
1027 1857 1122 1938 dicit,
1153 1865 1256 1942 etque
1285 1859 1319 1923 id
1348 1859 1412 1923 sine

1006 1966 1102 2032 male.
1366 1967 1413 2018 ⁷3⁵
1466 1979 1467 2028 t

729 2074 973 2160 -Amphitruo
1466 2119 1467 2158 p

289 2183 375 2249 Tace
392 2190 437 2248 tu.
471 2183 520 2248 Tu
537 2183 603 2248 die:
623 2206 725 2268 egone
743 2184 801 2251 ebe
818 2191 852 2250 te
869 2184 935 2249 abii
952 2183 1027 2248 hine
1043 2184 1140 2250 hodie
1158 2205 1232 2250 eum
1250 2183 1413 2251 diluculo?
1466 2223 1467 2272 3

746 2293 963 2358 Alcumena
1128 2329 1129 2332 ι

289 2400 369 2479 Quis
390 2401 492 2483 igitur
513 2402 576 2466 nisi
598 2423 656 2468 uoe
678 2404 829 2468 narrauit
850 2401 931 2466 mihr'
952 2401 1001 2466 illi
1023 2408 1061 2468 ut
1082 2400 1182 2468 fuerit
1203 2403 1388 2488 proelium?

735 2510 972 2594 Amphitruo

288 2594 339 2658 An
361 2595 427 2660 iem
448 2594 484 2660 id
506 2601 543 2660 tu
566 2596 655 2662 soie?

746 2704 963 2770 Alcumena

544 2813 672 2897 Quippe
695 2814 751 2897 qui
773 2836 813 2878 ex
835 2820 869 2878 te
892 2813 1012 2892 audiui,
1035 2819 1072 2879 ut
1093 2813 1208 2880 urbem
1231 2835 1412 2880 maxumam

287 2921 551 3005 Expugneuisses
573 2943 749 3007 regemque
771 2921 937 2988 Pterelam
960 2928 1031 2986 tute
1054 2922 1221 2986 occideris.

733 3029 971 3113 Amphitruo

287 3114 401 3196 Egone
423 3117 509 3180 istuc
531 3114 621 3179 dixi?

744 3222 962 3289 Alcumena

639 3329 722 3396 Tute
743 3332 827 3411 istie,
851 3333 949 3397 etiem
972 3337 1103 3396 uetante
1125 3331 1188 3396 hoe
1210 3328 1313 3394 Sosia.
1366 3339 1413 3392 740
1466 3357 1467 3362 ¹

734 3439 971 3523 Amphitruo

287 3543 474 3609 Audiuistin
496 3537 533 3610 tu
555 3567 606 3610 me
628 3567 764 3612 narrare
786 3547 869 3614 haee
890 3547 1013 3613 hodie?

794 3656 909 3723 Sosia

921 3751 923 3756 '
1014 3739 1079 3805 Ubi
1101 3760 1161 3824 ego
1184 3736 1392 3803 audiuerim?

735 3848 970 3934 Amphitruo

288 3931 383 3997 Hane
404 3953 494 4016 roge.

795 4041 909 4106 Sosia

377 4147 430 4212 Me
453 4150 584 4233 quidem
606 4155 779 4234 praesente
802 4170 980 4233 numquam
1001 4148 1167 4229 factumst,
1191 4148 1279 4232 quod
1303 4151 1413 4215 seiam.
1466 4125 1467 4192 ἶ

358 4383 409 4434 732
425 4386 454 4436 te
472 4397 521 4438 om.
593 4383 644 4436 ⁷38
661 4383 706 4436 An
725 4381 809 4436 etiem
