2956 5018
238 505 278 566 96
572 533 574 538 -
754 495 845 550 Plauti
1024 521 1026 526 ¹
1181 497 1217 564 11,
1227 499 1252 564 2,
1262 495 1379 550 57-68

711 685 888 752 Leonida

236 795 330 874 Hem,
352 794 417 859 ista
439 793 545 860 uirtus
568 800 626 875 est,
651 793 782 877 quando
804 801 906 875 nense
928 795 985 878 qui
1002 794 1125 859 malum
1141 794 1207 860 lert
1222 792 1376 858 sortiter.

237 904 381 968 Fortiter
403 901 524 967 malum
547 903 604 987 qui
625 901 758 986 patitur,
781 901 867 968 idem
890 907 965 986 post
987 903 1113 986 potitur
1134 903 1267 968 bonum.

715 1010 889 1076 Libanus

237 1121 323 1199 Quin
344 1141 414 1185 rem
437 1123 586 1184 actutum
608 1118 780 1184 edisseris?
803 1118 906 1202 Cupio
929 1119 1052 1185 malum
1073 1119 1266 1184 nanciscier.

713 1227 890 1293 Leonida

237 1336 371 1402 Placide
405 1357 482 1419 ergo
511 1357 613 1400 unum
643 1335 801 1420 quidquid
827 1337 951 1419 rogita,
978 1341 1017 1401 nt
1044 1335 1270 1420 adquiescam3
1299 1353 1377 1396 non

956 1445 1049 1510 uides
1084 1499 1088 1507 .

236 1554 289 1618 Me
313 1574 352 1618 ex
375 1573 511 1618 cursura
533 1553 715 1618 anhelitum
738 1554 837 1618 etiam
857 1553 998 1618 ducere?

712 1660 889 1727 Libanus

948 1769 1016 1852 Age
1040 1789 1110 1852 age,
1133 1790 1285 1835 mansero
1317 1779 1376 1832 325

238 1879 308 1944 Tuo
331 1878 505 1959 arbitratu,
526 1877 580 1943 uel
603 1879 685 1944 edec
708 1900 812 1966 usque
835 1879 912 1943 dnm
933 1878 1031 1962 peris.

713 1985 891 2052 Leonida

1039 2069 1213 2135 Ubinamsl
1235 2069 1334 2135 erus?

714 2178 890 2243 Libanus

238 2289 344 2354 Maior
367 2287 454 2371 apud
475 2287 623 2369 lorumst,
646 2289 753 2352 minor
774 2287 827 2351 hic
850 2293 900 2352 est
922 2287 1019 2352 intus.

713 2394 892 2460 Leonida

1014 2480 1085 2544 Iam
1107 2481 1184 2544 satis
1207 2485 1258 2544 est
1275 2478 1371 2544 mihi.

716 2587 891 2654 Libanus

239 2699 322 2763 Tum
343 2698 444 2780 igilur
464 2705 502 2762 tu
524 2697 615 2762 dines
638 2718 673 2762 es
695 2697 825 2763 faetus?

713 2807 892 2872 Leonida

835 2917 929 2980 Mitte
952 2913 1152 2979 ridicularia.

715 3020 891 3088 Libanus

239 3128 569 3213 Mitt031stuoqu0d
592 3126 700 3192 adfers
723 3150 818 3194 aures
841 3136 1017 3213 expectant
1038 3151 1140 3194 meae.

714 3236 892 3303 Leonida

239 3345 391 3409 Animum
414 3344 561 3424 aduerte,
584 3349 746 3427 uiaeque
769 3366 897 3410 mecum
918 3344 1000 3410 haec
1023 3347 1117 3412 scias,

717 3451 891 3518 Libanus

1101 3537 1218 3604 Taceo,

713 3643 892 3709 Leonida

1201 3731 1297 3795 Beas.
1315 3741 1369 3794 eso

239 3837 457 3902 Meministine
481 3837 589 3902 asinos
612 3837 790 3902 Arcadicos
812 3840 989 3905 mercatori
1011 3839 1120 3904 Pelleo

239 3945 393 4010 Nostrum
415 3945 559 4010 uendere
581 3946 781 4034 etriensem?

717 4053 893 4119 Libanus

796 4162 942 4244 Memini;
966 4162 1046 4248 quid
1068 4169 1138 4228 tum
1159 4164 1296 4248 postea?

242 4299 446 4308 -——-—.-.

309 4377 360 4428 322
377 4379 441 4443 post
458 4376 565 4444 patitur
582 4376 687 4430 bonum
756 4379 807 4430 324
825 4378 913 4446 quisq.
933 4377 1062 4448 derogita
1130 4381 1179 4433 331
1198 4377 1303 4431 Pelltcc
