2968 5030
557 501 590 558 V.
607 505 752 560 111-663.
1157 513 1219 574 411

80 697 202 774 posito,
226 697 315 756 aliam
336 698 398 757 vim
419 695 537 758 tribuit.
574 697 661 772 Quod
683 719 730 758 me
754 699 848 772 iubes,
873 699 979 778 inquii,
1004 703 1168 760 cruminam
1190 703 1222 760 in

81 799 166 858 collo
188 804 255 874 lano,
284 801 370 878 quasi
396 799 487 879 plano
514 800 595 874 loco,
625 801 788 875 collocare,
812 821 874 861 non
895 821 1031 880 possum;
1061 823 1130 862 nam
1151 822 1221 882 pro·

81 901 173 960 clivis
196 907 245 961 esi
265 903 321 962 iste
343 903 442 974 locus;
471 901 619 980 quidquid
641 902 684 963 ibi
707 923 853 982 posuero,
878 904 917 964 ad
938 903 1117 964 Philaenium
1140 903 1221 964 dela·

81 1003 186 1062 betur.
223 997 371 1065 Prcclc'uc
391 1007 514 1084 proprie
535 1005 647 1065 dicitur
669 1005 766 1066 solum
790 1003 881 1080 (inira
903 1008 974 1066 703.
998 1007 1102 1080 Varro,
1126 1007 1161 1066 R.
1185 1007 1220 1066 R.

82 1105 125 1177 H,
145 1109 175 1180 2,
195 1109 223 1164 7.
258 1105 370 1167 Seneca
392 1107 430 1168 de
448 1112 542 1166 morte
554 1107 673 1167 Claudii
694 1109 742 1181 13,
763 1111 791 1167 3.
810 1105 879 1182 ai),
902 1109 982 1167 unda
1006 1116 1131 1188 apparet
1152 1110 1181 1168 h.
1201 1111 1220 1168 l.

82 1211 257 1271 necessario
285 1229 345 1269 non
372 1205 471 1288 qaod,
494 1209 548 1268 sed
570 1225 631 1288 quc
654 1210 844 1270 scribendum
868 1231 940 1270 esse.
986 1213 1119 1285 Quodsi
1142 1212 1220 1271 idem

81 1311 123 1370 ad
149 1331 198 1372 res
219 1313 356 1372 labentes
377 1313 535 1372 mansioni
556 1315 661 1390 possit,
684 1334 745 1373 non
767 1319 821 1387 est,
843 1313 923 1391 quod
939 1314 1059 1374 labatur
1078 1317 1220 1388 crumina,

81 1419 159 1472 anie
193 1434 281 1492 quam
315 1413 354 1474 sd
382 1415 588 1494 Argyrippum
623 1416 723 1475 delato
756 1416 854 1475 fuerit.
899 1417 935 1474 In
964 1417 1028 1476 cod.
1058 1418 1073 1476 1
1110 1415 1218 1491 ,istec“

81 1518 235 1595 scriptum
258 1523 323 1576 erat
346 1517 383 1577 ab
407 1519 505 1590 initio,
528 1524 633 1596 postea
655 1525 835 1592 correctum,
861 1517 943 1596 quod
964 1541 1002 1578 ne
1025 1521 1073 1578 cui
1093 1520 1221 1597 placeat,

82 1619 195 1678 eodem
219 1639 320 1680 errore
342 1639 369 1678 v.
390 1621 451 1680 614
478 1617 568 1693 „hac“
594 1641 651 1699 pro
678 1617 769 1694 ,huc“
797 1624 939 1699 scriplum
962 1627 1023 1694 est,
1047 1641 1090 1695 ac,
1115 1623 1139 1680 si
1163 1643 1223 1680 non

84 1743 104 1780 a
130 1725 282 1780 sententis
304 1723 433 1782 alienum
456 1729 543 1797 esset,
563 1727 597 1781 ut
614 1721 775 1797 docuimus,
799 1723 874 1782 illud
901 1721 1031 1801 ,quod“,
1055 1728 1222 1783 necessario

84 1846 150 1884 non
177 1823 287 1898 „iscam
314 1825 366 1883 sed
393 1821 496 1898 ,illac“
523 1825 714 1884 scribendum
737 1831 810 1883 erat.
829 1857 872 1866 -
892 1829 962 1885 617.
986 1842 1074 1886 meus
1097 1821 1220 1901 ocellus,

84 1926 123 1985 ci.
151 1927 190 1985 ud
211 1948 239 1986 v.
265 1927 337 1986 648.
363 1957 399 1968 -
424 1941 494 1987 anca
514 1943 589 1988 rosa
611 1926 736 1987 ridicule
765 1949 866 1987 servus
896 1929 1079 2008 appellatum
1096 1928 1222 2006 ¹puellas

84 2032 130 2088 sio
154 2029 267 2106 alloqui
290 2029 441 2102 solebant,
464 2049 492 2088 v.
515 2029 622 2089 Bocch.
647 2031 698 2089 81.
721 2029 805 2089 Gurc.
833 2032 902 2090 101.
926 2031 1006 2090 Men.
1031 2033 1100 2092 188.
1138 2031 1221 2090 Ceio·

84 2151 155 2190 rum
177 2152 215 2190 ne
241 2128 345 2205 ,rosa“
371 2151 428 2210 pro
446 2131 544 2190 iambo
561 2138 641 2192 essct
661 2129 710 2207 (cf.
733 2129 816 2206 587),
840 2132 999 2192 Bentleius
1015 2133 1052 2192 ad
1064 2134 1131 2192 Ter.
1144 2133 1220 2192 Eun.
1277 2112 1280 2118 ‚

87 2237 117 2306 3,
134 2237 162 2308 5,
179 2236 215 2292 12
237 2235 295 2307 „mi
310 2233 457 2294 animule“
473 2234 634 2295 scribebat.
668 2230 713 2293 mi
724 2229 828 2294 alcime
841 2240 924 2294 extat
936 2237 1025 2293 etiam
1037 2235 1113 2294 Rud.
1131 2237 1220 2294 1265.

85 2337 174 2396 Curc.
200 2339 250 2396 98.
277 2338 346 2395 165.
371 2336 450 2396 infre
473 2339 544 2396 931.
573 2367 615 2378 -
648 2339 718 2396 668.
749 2333 891 2414 (iliacos,
921 2339 1087 2396 necessaria
1114 2337 1221 2396 Fleck-

86 2440 192 2498 eiscnii
210 2440 389 2499 emendatio.
406 2469 450 2480 -
468 2440 539 2498 659.
562 2455 611 2500 me
632 2435 733 2518 1911111
754 2459 858 2498 versus
882 2461 970 2500 causa
992 2441 1112 2518 scripsi;
1132 2440 1221 2499 Both.

87 2542 134 2600 F'l.
164 2562 227 2600 voc.
260 2539 382 2616 „tunm“
414 2545 591 2616 omiserunt,
621 2541 700 2620 qnod
730 2541 831 2602 abesse
859 2547 911 2602 vix
939 2547 1057 2620 potest,
1088 2544 1124 2601 cf.
1150 2543 1220 2602 686.

88 2645 188 2704 Oasin.
210 2646 285 2704 138:
318 2664 420 2717 „meus
442 2643 543 2722 pullus
565 2641 698 2723 pesser'‘.
722 2675 766 2684 -
793 2638 1007 2718 Golurniccm
1029 2649 1063 2702 ui
1084 2664 1222 2721 passeres

88 2747 199 2826 puellis
224 2745 264 2822 (v.
281 2745 391 2806 catull.
405 2743 447 2821 2),
471 2749 516 2806 iia
539 2749 704 2806 coturnices
727 2748 789 2806 fers
811 2751 914 2826 pueris
937 2749 967 2805 in
991 2746 1103 2805 deliciis
1126 2751 1221 2818 erant,

89 2851 125 2908 ci.
150 2850 304 2928 Aristoph.
333 2851 388 2908 Av.
414 2851 485 2908 707.
517 2879 558 2890 -·-
588 2851 660 2910 660.
682 2849 725 2910 Ut
753 2843 910 2910 haedillccs
939 2850 976 2908 ab
1010 2849 1144 2923 haedulo,
1179 2851 1224 2908 ile

88 2945 218 3012 scitellus
241 2973 259 3010 a
280 2953 392 3026 uitulo,
420 2957 580 3030 utrumqne
608 2952 664 3011 hoc
692 2973 753 3012 uno
781 2953 849 3012 loco
877 2953 1002 3028 legitur,
1034 2973 1104 3011 nam
1132 2953 1222 3027 vulgo

88 3055 210 3114 vitellus
244 3055 293 3114 ovi
325 3061 441 3133 partem
470 3055 644 3114 interiorem
673 3053 829 3132 significat.
876 3055 1024 3115 Usiiaiiue
1053 3061 1112 3127 est,
1143 3054 1223 3131 quod

88 3158 169 3216 infra
198 3157 260 3216 686
288 3157 412 3236 legitur,
442 3157 569 3217 catellus
598 3179 615 3216 a
643 3158 753 3218 ceiulo.
778 3189 820 3198 -
849 3159 919 3216 661.
946 3151 1109 3216 Prehendi!
1137 3153 1235 3216 amis

90 3257 178 3334 111119,
203 3259 284 3338 qnod
305 3259 454 3320 iaciebant
474 3260 563 3339 plene
581 3265 611 3318 ei
629 3281 664 3320 ex
682 3261 781 3318 animo
800 3260 978 3332 osculantes,
1000 3259 1036 3317 ci.
1048 3259 1128 3317 Poen.
1144 3261 1221 3318 373:

92 3363 181 3439 „Sine
198 3368 235 3421 'te
257 3383 386 3435 exorem,
411 3363 474 3422 sine
497 3369 528 3422 1ο
549 3360 696 3442 prendam
718 3361 874 3434 auriculis,
899 3363 962 3420 sine
986 3361 1053 3419 dem
1074 3358 1221 3419 sanium“.

88 3465 189 3525 Tibul.
211 3463 256 3538 11,
281 3467 314 3534 5,
340 3467 395 3526 92:
428 3469 594 3543 „natusque
621 3468 739 3543 parenti
763 3463 870 3523 Oscula
895 3465 1077 3540 comprensis
1099 3463 1223 3522 auribus

89 3565 228 3647 eripiet“.
274 3567 401 3628 Theocr.
425 3570 458 3642 6,
485 3570 559 3628 133:
596 3567 651 3626 oin
675 3565 752 3644 ipup’
775 3569 937 3633 Ἀλκῖππας,
961 3567 999 3622 ὅτι
1022 3588 1056 3641 με
1079 3566 1152 3644 capim
1175 3567 1223 3623 οὐκ

89 3676 201 3745 ἐφίλησε
222 3674 277 3728 τῶν
301 3671 377 3728 ὤτοιν
399 3671 551 3738 maclovo,
575 3672 624 3728 ὅκα
647 3669 674 3726 oi
695 3671 744 3726 τάν
761 3671 873 3744 φάσσαν
892 3669 985 3726 ἔδωκα.
1013 3668 1165 3727 Plutarch.
1186 3669 1223 3727 de

90 3773 240 3834 audiendo
264 3794 289 3834 c.
314 3775 348 3833 2:
380 3771 414 3832 01
440 3795 469 3830 τε
497 3773 594 3830 πολλοὶ
621 3775 655 3830 τὰ
680 3773 766 3850 μικρὰ
794 3773 891 3830 παιδία
919 3773 1123 3844 καταφιλοῦντες
1147 3771 1224 3828 αὐτοιΙ

90 3901 117 3935 τε
138 3879 195 3935 τῶν
212 3875 289 3934 ὤτων
306 3867 436 3934 ἅπτονται
453 3876 562 3934 κάκεῖνα
578 3877 656 3933 τοῦτο
674 3881 762 3933 ποιεῖν
779 3879 938 3934 κελεύουσιν.
972 3874 1082 3932 Pollux
1091 3873 1129 3948 X,
1146 3877 1221 3934 100:

89 3983 198 4058 χύτρα
226 3980 272 4036 καὶ
298 3980 446 4054 φιλήματος
474 3974 544 4045 alico
573 3969 618 4050 ἦν,
646 3979 729 4036 ὁπότε
758 3981 791 4036 τὰ
822 3980 918 4036 παιδία
941 3979 1046 4051 φιλοίη,
1068 3979 1123 4034 τῶν
1146 3977 1223 4036 ὤτων

90 4083 333 4158 ἐπιλαμβανόμενοι·
354 4081 489 4152 ὕποδηλοῖ
516 4083 545 4139 ii
566 4082 677 4148 Εὔνικος
706 4087 733 4138 ἐν
755 4083 858 4139 Matilo·
902 4081 1035 4156 Λαβοῦσα
1064 4082 1117 4137 τῶν
1145 4080 1223 4138 ὢτων

90 4189 206 4260 φίλησον
233 4187 280 4256 τὴν
307 4185 416 4262 χύτραν.
444 4213 488 4224 -·
519 4176 748 4260 ,0011111111νῶ
786 4185 829 4244 ait
855 4184 971 4242 Nonius
1000 4204 1030 4262 p.
1061 4185 1121 4241 255
1160 4189 1224 4257 ,esi
1318 4201 1319 4206 ’

91 4291 212 4362 sociare,
236 4284 450 4363 coniungere“.
484 4285 619 4346 Affertur
640 4291 752 4365 praeter
769 4286 798 4344 h.
818 4287 837 4344 l.
856 4287 986 4345 Titinius
1003 4285 1142 4345 Gemina:
1172 4291 1223 4358 „ut

91 4412 155 4450 cum
173 4393 356 4468 caprimum
372 4389 529 4449 blanditer
545 4409 750 4468 comparemus
769 4386 949 4466 colloquia“.
968 4419 1011 4429 -
1029 4389 1100 4448 662.
1122 4381 1223 4464 Quam

90 4509 173 4569 uero,
195 4493 324 4564 ironiee;
348 4492 385 4551 cf.
410 4493 481 4553 690.
499 4500 548 4534 ’-
571 4493 643 4552 163.
666 4487 701 4551 ai
719 4507 824 4570 pecco
847 4487 1060 4570 confricantur
1084 4487 1140 4564 (sic
1162 4491 1222 4550 iam
