2960 5038
250 503 313 566 266
541 485 547 494 ¹
724 501 901 572 Amphitruo.

249 718 279 776 p.
306 695 376 754 184.
401 725 439 736 -
468 690 615 772 Quintum.
652 695 746 754 Ludit
767 696 798 755 iu
819 699 953 770 nomine,
977 696 1059 774 quod
1080 699 1203 776 proprie
1224 717 1421 756 numerum

249 797 406 878 significat.
441 795 582 876 Explicat
602 799 739 876 proximo
761 817 860 859 versu.
883 829 927 840 -·-
950 801 1022 859 302.
1044 797 1135 860 ao'roe
1156 801 1216 859 iam
1239 803 1273 859 in
1300 799 1418 860 codd.

250 901 447 962 emendatum.
468 929 506 940 -
526 899 677 974 autumat,
700 901 782 974 dicit,
800 901 893 976 vulgo
904 898 1041 976 Plautus,
1060 902 1097 961 el.
1112 903 1183 962 328.
1200 933 1245 944 -
1264 905 1339 963 303
1357 923 1415 979 sq.

249 999 347 1066 ειόοιο
374 1002 459 1062 codd.
487 1007 635 1081 corrupte.
680 1003 757 1062 Edd.
782 1003 893 1063 frustm
921 1004 1080 1063 emendare
1109 1007 1208 1064 eonati
1235 1011 1332 1079 eunt,
1374 1013 1417 1063 ut

250 1108 446 1178 Camerarius,
470 1125 558 1181 quem
580 1106 717 1184 plerique
739 1109 834 1166 secuti
850 1113 930 1181 euni,
958 1108 1018 1180 „sic
1034 1104 1135 1181 uolo“,
1159 1105 1301 1167 Lindem.
1334 1109 1411 1181 „sic

251 1207 317 1270 olo“
340 1206 371 1284 (i.
389 1229 414 1268 a.
432 1204 523 1281 oleo).
558 1205 665 1268 Gertz:
692 1208 795 1281 „Nunc
811 1211 872 1268 iam
888 1229 936 1268 me
954 1228 1025 1287 ergo
1042 1211 1085 1268 sic
1102 1207 1197 1269 loco“.
1232 1209 1408 1286 Equidem

250 1313 351 1392 polius
374 1309 464 1370 credo
487 1309 630 1369 excidisse
653 1329 780 1385 versum,
802 1317 839 1371 ιιι
860 1313 922 1370 lale
945 1311 1019 1389 quid
1041 1311 1146 1370 merit:
1228 1357 1232 1362 .

1174 1415 1218 1488 „ei
1241 1415 1312 1475 colo

294 1517 410 1577 Morem
433 1516 568 1590 eundem,
592 1517 644 1592 qui
666 1514 777 1574 multos
800 1533 854 1594 per
876 1535 971 1575 annos
993 1516 1066 1575 mihi
1089 1517 1183 1576 uitam
1206 1515 1329 1590 dedic“‚

252 1619 360 1700 quibus
388 1618 527 1698 apodosis
556 1619 587 1676 in
615 1619 752 1694 proximo
774 1639 862 1680 versu
885 1618 1066 1696 adiungatur
1091 1639 1170 1692 „non
1192 1619 1286 1693 feret,
1313 1624 1400 1697 quin

158 1785 161 1790 ,
250 1719 411 1801 uapulel¹‘;
445 1723 477 1779 in
510 1719 619 1799 quibus
650 1717 733 1797 sorel
765 1719 868 1779 eadem
902 1721 1020 1780 ratione
1049 1721 1295 1798 intelligendum,
1329 1743 1397 1799 qua

251 1826 361 1885 dieitur
387 1825 530 1898 „tacitum
552 1823 639 1894 serre,
664 1822 792 1881 inultum
815 1819 925 1882 ierre“.
972 1823 1104 1896 Quodsi
1127 1821 1232 1883 durius
1256 1829 1311 1882 aut
1336 1824 1393 1882 ob·

251 1930 367 1988 sourius
389 1925 517 1998 ridetur,
540 1923 606 1983 fieri
628 1931 737 2002 potest,
761 1931 796 1984 ιιι
815 1945 852 1984 ex
870 1945 904 1985 eo
923 1945 1019 2000 versu,
1038 1927 1090 2003 qui
1107 1927 1234 1985 omissus
1252 1926 1390 1999 ridetur,

252 2033 402 2091 obiectum
432 2028 586 2103 audialur,
621 2027 706 2087 velut
738 2029 763 2086 si
796 2029 869 2087 ruit:
907 2030 949 2104 „si
977 2029 1043 2088 colo
1070 2028 1186 2088 Morem
1216 2031 1389 2106 antiquum,

251 2136 277 2193 ei
299 2132 425 2211 gradum
453 2131 520 2208 quis
548 2129 666 2190 obuiam
694 2131 735 2188 mi
764 2129 854 2190 hodie
876 2129 984 2205 ferel“,
1009 2137 1075 2190 aul:
1103 2133 1146 2204 „ei
1168 2131 1234 2189 eolo
1257 2131 1386 2204 Morem,

252 2255 340 2314 quem
363 2235 440 2293 colui
462 2253 556 2312 usque
579 2253 703 2311 semper,
722 2234 748 2291 si
764 2234 832 2311 quis
849 2233 918 2294 hinc
934 2233 1098 2311 quidquam
1114 2231 1210 2311 perir
1233 2277 1284 2290 ...
1307 2253 1384 2306 „non

251 2339 336 2411 ferei,
360 2337 432 2415 quin
455 2333 609 2414 uapulel“.
644 2335 743 2394 Luchs
765 2337 797 2394 iu
820 2335 937 2395 Hermae
960 2335 1040 2409 VIII,
1062 2355 1093 2413 p.
1120 2323 1195 2394 122:
1223 2333 1310 2408 „Nou
1330 2335 1384 2394 fiet

252 2438 355 2518 quin“.
381 2469 420 2480 -
445 2433 574 2516 expedit
593 2453 641 2512 se,
671 2441 690 2496 i.
715 2457 740 2496 e.
769 2444 858 2515 paral
885 2457 927 2498 se.
950 2469 993 2480 -
1018 2441 1088 2499 ³05.
1115 2433 1196 2516 Quis
1223 2432 1314 2498 homo
1341 2457 1380 2497 ec.

252 2540 427 2619 vapulabit?
454 2541 525 2600 Haeo
548 2540 634 2600 Sosia
655 2561 763 2614 secum,
786 2547 822 2599 ιιι
843 2541 1009 2600 Memmius
1030 2543 1184 2619 proxima;
1207 2559 1311 2598 rerum
1332 2541 1380 2600 hic

250 2645 294 2703 ita
326 2645 505 2702 sententiam
539 2643 694 2717 formarit,
729 2649 764 2702 ιιι
796 2646 889 2702 eliam
923 2643 961 2704 ad
994 2645 1047 2703 illa
1075 2643 1265 2721 respondeat.
1310 2643 1378 2702 Mox

250 2745 315 2806 cod.
338 2745 363 2804 B
389 2765 505 2823 „pugno
528 2743 643 2820 sedel“‚
673 2746 687 2803 I
713 2765 848 2823 „pugnos
878 2744 996 2806 eedaff.
1042 2745 1118 2804 Edd.
1147 2751 1230 2804 recte
1253 2761 1378 2824 paucos

251 2845 329 2922 edel,
346 2867 369 2906 e.
389 2847 531 2921 comedel,
554 2849 573 2906 i.
594 2869 619 2908 e.
638 2850 745 2927 pugnis
768 2850 895 2922 fruetur,
919 2851 1028 2908 comice
1050 2869 1121 2926 pro:
1145 2850 1252 2927 pugnis
1275 2869 1374 2908 onera-

249 2951 342 3010 bilur.
375 2949 449 3009 Inde
468 2949 553 3009 Sosia
570 2953 707 3027 proximo
729 2971 820 3010 versu
843 2953 894 3025 ait,
919 2973 994 3024 sero,
1018 2957 1087 3030 post
1109 2971 1220 3024 cauam,
1244 2951 1374 3010 sibinen

251 3073 327 3133 opus
344 3073 416 3127 esse,
432 3059 468 3113 ιιι
486 3051 647 3131 quidquam
666 3053 745 3113 edat.
774 3053 949 3113 Schmieder
965 3050 1036 3114 edei
1050 3055 1136 3131 quasi
1152 3053 1302 3126 „editurus
1313 3051 1370 3112 esl“

251 3157 395 3234 explicat:
435 3149 576 3234 „pugnos
593 3156 733 3233 expediat
756 3163 877 3234 oportet
899 3157 937 3215 cd
960 3163 1112 3215 certarnen
1140 3175 1256 3215 mecum
1276 3159 1371 3214 ineun-

251 3257 353 3319 dum“.
399 3258 459 3318 Sed
480 3258 649 3318 Mercurius
678 3279 739 3318 non
767 3258 805 3317 ud
831 3277 965 3337 pugnam
993 3263 1152 3337 provoeal;
1176 3257 1370 3317 adversarium

250 3363 300 3422 vel
326 3383 387 3422 uon
416 3367 630 3440 repugnantem
658 3363 767 3438 pugnis
797 3363 969 3422 concisurus
998 3366 1052 3421 cel.
1075 3391 1120 3402 -
1140 3356 1197 3421 hoc
1217 3359 1316 3422 noctis
1336 3361 1369 3420 ei.

255 3467 324 3524 154.
350 3495 388 3505 -
415 3465 485 3524 306.
513 3458 614 3524 Holus
638 3465 671 3523 iu
694 3463 740 3522 ed.
763 3483 809 3541 pr.

339 3569 410 3628 309.
436 3549 570 3641 trucum,
593 3567 683 3644 longo
706 3573 815 3641 tractu,
840 3573 874 3626 ιιι
896 3565 1028 3644 explicat
1044 3567 1159 3625 Nonius
1177 3587 1207 3644 p.
1229 3567 1292 3638 178,
1314 3587 1366 3626 uuo
1460 3581 1461 3584 ’

250 3672 340 3748 longo
362 3673 433 3730 iclu.
468 3669 516 3729 Sic
542 3671 681 3744 „tractim
704 3669 822 3729 vocales
844 3666 1060 3746 pronunliare“
1087 3669 1201 3728 Gellius
1222 3668 1271 3741 IV,
1294 3671 1317 3743 6,
1339 3671 1364 3728 6.
1460 3711 1461 3752 3

252 3773 293 3832 VI
311 3771 404 3848 (VH),
430 3776 478 3846 10,
501 3775 532 3846 l;
557 3773 606 3845 20,
627 3774 653 3832 3.
690 3772 778 3851 Verg.
796 3771 831 3831 G.
850 3771 900 3846 IV,
925 3772 1003 3832 260:
1030 3771 1124 3844 „Tum
1146 3791 1238 3830 sonus
1260 3771 1365 3830 auditur
1460 3759 1461 3762 ¹

252 3878 373 3952 gravior
383 3880 562 3954 tractimque
573 3873 759 3935 susurrant“.
783 3873 869 3947 Quod
881 3881 981 3934 aulem
994 3875 1176 3934 Gronovius:
1194 3873 1359 3952 „Loquitur“

252 3980 351 4056 inquil
376 3985 428 4052 „ul
449 3979 630 4052 Mercuriue,
663 3981 747 4038 cuius
775 3983 822 4037 esi
849 3979 933 4055 virga
960 3979 1077 4036 tractim
1109 3977 1257 4055 tangendo
1277 3978 1361 4037 oculos

252 4085 314 4141 sive
333 4080 537 4155 demulcendo,
561 4083 668 4159 quibus
692 4083 765 4154 vult,
789 4101 909 4141 somnos
931 4077 1119 4153 conciliare“‚
1143 4083 1194 4139 rix
1217 4082 1284 4139 sotis
1303 4100 1360 4139 con·

252 4185 408 4260 sideraril,
432 4185 615 4244 Mercurium
637 4205 696 4244 non
722 4205 791 4244 suus
818 4185 871 4244 sed
899 4185 1025 4243 latronis
1053 4189 1155 4260 partes
1183 4189 1308 4260 egentem
1332 4201 1359 4241 ea

252 4290 345 4367 loqui,
364 4289 472 4366 quibus
484 4286 599 4346 Sosiam
617 4287 855 4366 perterrefaciat,
874 4289 1037 4364 potiusque
1054 4303 1193 4363 soporem
1215 4283 1357 4361 significare

253 4391 386 4449 eiusdem
404 4393 530 4465 generis,
549 4389 629 4466 quod
647 4410 675 4448 r.
695 4389 927 4450 mendicavit,
962 4388 1147 4467 Quamquam
1158 4387 1245 4447 Sosia
1261 4388 1356 4465 quiden

253 4491 355 4550 rolin
378 4511 491 4550 summo
513 4492 622 4549 timore
644 4491 830 4550 iocabundus
856 4490 954 4565 „Bene
976 4488 1099 4551 fecerie“
1125 4492 1224 4570 inquit
1249 4491 1355 4564 „simili
