2976 5056
259 478 321 540 286
732 471 910 541 Amphitruo.

259 663 343 726 dat“.
377 666 500 726 Richter
521 665 657 744 proxime
679 663 718 724 ed
739 663 805 725 cod.
831 671 886 740 „ut
903 683 998 742 aeque
1015 665 1120 744 dispar
1137 663 1248 726 etDiee
1264 687 1278 724 e
1292 671 1390 724 nocte

259 764 418 842 accedet“;
448 765 529 845 qnod
551 768 664 845 recepi,
689 769 826 845 quemvis
847 766 966 827 videam
988 767 1122 826 dubitari
1144 787 1244 844 poaee,
1265 787 1329 826 nom
1357 766 1391 825 d

258 891 315 950 pro
345 866 473 946 „etiam“
504 872 548 928 sic
576 871 650 948 poni
678 871 776 948 possit
809 866 861 943 (de
890 889 952 948 qne
978 889 1010 928 re
1037 869 1099 928 rid.
1129 868 1169 928 ad
1188 868 1275 928 Most.
1297 865 1387 942 559),

259 976 418 1052 aptiusque
448 973 512 1032 dies
541 977 593 1032 aut
623 971 663 1031 ad
690 977 809 1032 noctem
831 971 972 1032 accedere
994 977 1046 1030 ent
1067 991 1083 1030 e
1105 977 1194 1032 noete
1215 972 1285 1030 oriri
1303 969 1388 1029 dice·
1463 1051 1464 1060 ἵ

258 1083 343 1136 retur
364 1095 453 1154 quern
476 1093 491 1132 c
514 1081 602 1134 nocte
624 1075 774 1136 accedere.
807 1072 882 1134 Poat
898 1068 951 1134 ὣο
967 1073 1071 1133 hiatur
1087 1075 1119 1134 in
1135 1093 1259 1146 caeeure3
1275 1073 1390 1132 Miller
1463 1067 1464 1154 1

137 1200 143 1209 ·
263 1180 335 1253 „hac
358 1175 425 1236 ibo“
451 1177 613 1238 scribebat.
1463 1161 1464 1166 ἵ

345 1483 431 1543 Nove
449 1503 537 1544 soene
555 1504 616 1544 non
636 1490 705 1544 ente
722 1482 800 1544 aedee
811 1483 962 1543 Alcmena
979 1482 1088 1560 agitur,
1111 1482 1164 1542 sed
1186 1501 1277 1563 prope
1297 1501 1387 1540 neree
1463 1521 1464 1572 p

260 1585 302 1660 (v.
315 1583 401 1661 603).
437 1585 522 1646 Sosia
540 1585 700 1646 adherens
723 1605 871 1659 reverens,
894 1584 968 1663 quid
989 1584 1046 1644 sibi
1068 1583 1219 1658 acciderit,
1242 1585 1387 1656 nouerim
1463 1589 1464 1662 1

259 1689 439 1769 Amphitryo
472 1688 604 1748 ludibrio
633 1709 665 1748 se
692 1688 797 1748 haberi
820 1707 942 1747 cenaene
964 1687 1059 1746 iratus
1082 1689 1204 1747 insum
1231 1686 1386 1757 invenitor,

259 1795 325 1872 ipse
348 1791 470 1851 domum
492 1809 655 1868 properere
679 1789 790 1850 studet.
834 1788 922 1849 Prior
943 1807 1013 1866 pare
1035 1809 1145 1864 soenes,
1167 1797 1203 1848 ut
1225 1788 1388 1848 vehementi

262 1899 348 1953 motu
381 1893 510 1968 agitatos
543 1891 643 1966 decet,
674 1890 841 1953 bacchiacis
867 1891 1051 1951 tetrametria
1078 1893 1248 1971 conscripta
1274 1895 1318 1950 eet
1343 1888 1385 1962 (.

262 1990 434 2069 547-69).
1463 1999 1464 2062 ἢ

349 2089 1387 2172 emmmmfflmmmfflm

260 2198 421 2258 secundom
443 2191 529 2257 noe“.
558 2197 624 2258 Mil.
645 2199 736 2258 1340.
766 2195 957 2256 Contrarium
983 2199 1012 2272 „i
1033 2193 1116 2276 prae“
1140 2215 1233 2276 snpra
1257 2199 1324 2258 530.
1345 2225 1388 2236 -
1463 2207 1464 2292 1

261 2295 396 2379 Sequor,
425 2293 608 2378 subsequor.
653 2299 808 2378 Repetitio
842 2299 980 2360 ardorem
1006 2297 1147 2361 ,ostendit
1162 2301 1256 2359 ‘servi
1282 2301 1386 2358 iratum
1463 2295 1464 2374 1

259 2403 369 2490 herum¹
393 2400 514 2480 piscare
540 2401 697 2479 cupientis.
721 2431 763 2442 -
787 2403 858 2463 548.
882 2396 971 2462 Nam
993 2417 1102 2479 meam,
1125 2403 1144 2460 i.
1169 2421 1195 2461 e.
1218 2421 1386 2480 quamnam

259 2520 335 2565 ream
357 2506 436 2564 enim
464 2503 713 2581 interrogativum
741 2509 801 2578 eet,
830 2503 867 2564 cf.
893 2502 989 2579 „Nem
1011 2499 1092 2581 qua“
1116 2503 1185 2564 Aul.
1209 2505 1261 2564 44.
1296 2503 1386 2578 „Nam
1463 2529 1464 2574 i

260 2603 589 2685 quem“Poen.1125.
625 2605 721 2680 „Nam
743 2601 843 2682 quod“
869 2604 959 2666 Most.
981 2607 1050 2666 186.
1087 2606 1182 2682 „Nem
1205 2603 1277 2684 qui“
1301 2605 1385 2683 Epid.

264 2709 334 2768 133.
378 2706 473 2783 „Nam
495 2700 573 2783 quo“
596 2707 681 2766 Asin.
704 2707 756 2768 42.
780 2706 865 2766 Cure.
892 2709 940 2768 12.
983 2707 1078 2781 „Nam
1099 2702 1192 2786 quid“
1216 2709 1297 2768 infre
1318 2709 1386 2768 653.
1463 2733 1464 2768 3

260 2811 347 2870 Cure.
373 2811 444 2868 395.
489 2807 589 2868 Oasin.
614 2812 685 2870 605.
709 2811 781 2870 753.
825 2809 898 2870 cist.
921 2810 994 2870 495.
1033 2807 1386 2886 Epid.59.117.345.

261 2893 1384 2988 mmmmmmmmnmff

262 3013 342 3073 infre
366 3017 436 3074 575.
460 3013 529 3073 Aul.
554 3014 604 3074 42.
639 3013 738 3073 Etiam
754 3013 875 3073 Terent.
892 3011 969 3074 Eun.
989 3015 1065 3074 897:
1093 3011 1190 3087 „Nem
1211 3013 1287 3092 quid
1308 3007 1384 3072 ita?“
1463 3031 1464 3072 1

261 3115 380 3176 Phorm.
405 3117 480 3176 20οε
511 3115 605 3190 „Nem
627 3111 739 3194 quod“.
785 3117 862 3176 732:
895 3115 991 3191 „Nem
1013 3136 1090 3195 quae
1111 3116 1185 3176 haec
1207 3135 1282 3176 enus
1305 3111 1383 3176 eeti⁴⁴
1463 3115 1464 3148 ³

261 3249 305 3259 -
336 3218 374 3277 H.
397 3219 419 3278 1.
441 3224 511 3296 poet
533 3233 626 3296 qaam
652 3218 753 3278 hiatus
781 3224 840 3291 est,
863 3237 923 3296 que
944 3217 983 3277 de
1005 3237 1095 3278 cause
1116 3218 1162 3279 11.
1192 3212 1387 3296 quamobrem

261 3323 386 3380 iunctim
402 3323 531 3402 scripsit,
550 3321 630 3399 quod
647 3323 699 3379 vix
716 3321 879 3398 quidquam
896 3320 1009 3380 referre
1027 3321 1125 3380 credo.
1159 3321 1271 3380 Mdller
1296 3315 1383 3396 „ogo“

263 3423 382 3484 addidit
398 3430 468 3502 poet
487 3419 667 3500 „arbitror“‚
684 3429 748 3482 out:
771 3422 949 3498 „hominem
972 3421 1027 3482 80.
1046 3419 1227 3496 0111ωῆ-
1240 3424 1313 3484 550.
1331 3417 1386 3482 Ec

263 3541 330 3586 cere
351 3527 521 3586 interiectio
544 3531 589 3584 ost
611 3525 761 3585 interdum
787 3526 962 3602 quaerentis,
985 3525 1161 3603 plerumque
1184 3529 1342 3603 stupentis,
1364 3527 1386 3583 si

263 3632 311 3688 oui
330 3633 382 3686 ant
397 3627 437 3697 id,
456 3627 537 3706 quod
555 3627 626 3687 olim
644 3628 753 3700 timuit,
774 3629 832 3685 iam
854 3627 933 3686 clere
956 3631 1090 3706 apparet,
1116 3631 1168 3686 ant
1188 3647 1269 3686 nova
1291 3627 1386 3704 eliqua

262 3731 333 3790 mali
355 3731 469 3808 species
491 3729 610 3788 obiecta
632 3735 686 3789 eet.
724 3729 808 3789 Festi
830 3728 911 3808 Epit
933 3749 965 3808 p.
989 3732 1045 3789 78:
1072 3728 1258 3806 „iusiurandi
1280 3735 1334 3804 est,
1356 3749 1386 3788 ec

263 3835 289 3892 si
313 3832 430 3891 dicetur
447 3851 502 3909 per
513 3831 659 3905 Cererem,
683 3837 718 3890 nt
740 3837 864 3905 ecastor,
889 3830 1004 3910 edepol.
1037 3832 1099 3892 Alii
1122 3847 1224 3893 eccere
1245 3851 1304 3910 pro
1326 3847 1385 3892 ecte
1463 3823 1464 3826 ¹

262 3936 394 4013 positum
417 3929 598 4012 accipiunt“.
633 3933 764 4006 Quorum
785 3935 935 4014 posterius
957 3953 1016 3994 non
1032 3953 1157 4012 prorsus
1174 3933 1384 4011 spernendum

262 4037 317 4096 sed
345 4035 426 4114 quod
454 4037 654 4095 recentiorum
682 4035 806 4114 quidem
827 4036 1019 4115 explicarunt
1042 4055 1129 4113 „ecoe
1151 4033 1245 4110 rem“‚
1269 4035 1385 4109 ἔχειςτὸ

263 4142 387 4216 πρᾶγμα,
409 4158 469 4197 non
490 4137 595 4216 probo.
629 4139 673 4198 cf.
691 4138 772 4198 Men.
792 4141 867 4199 394:
894 4138 1030 4214 „Eccere‚
1052 4134 1162 4218 perii“.
1196 4138 1296 4202 Ceein.
1320 4141 1383 4201 363.

262 4239 329 4299 Mil.
353 4242 424 4300 209.
447 4241 529 4299 Pers.
550 4243 621 4301 300.
645 4241 729 4303 Trio.
750 4243 821 4302 386.
845 4241 965 4302 Terent.
982 4242 1102 4302 Phorm.
1123 4243 1194 4302 310.
1210 4271 1255 4282 -
1272 4238 1383 4303 metim.

262 4342 370 4401 Veram
405 4343 584 4420 scripturam
617 4344 749 4403 servarit
776 4343 906 4418 Nonius,
940 4345 993 4422 qui
1026 4349 1148 4404 enarret
1183 4349 1255 4420 „tuo
1289 4339 1382 4405 more“
