2976 5056
601 497 634 552 V·
649 497 797 570 164-186·
1203 503 1266 564 377

13 724 23 758 :r
106 685 300 770 Praeynua
331 713 389 772 pro
421 709 581 774 praegnans
614 691 696 770 epud
731 691 871 772 antiquos
904 690 1030 752 Latinos
1069 691 1265 766 scribebatur,

13 807 34 861 fi.
103 795 177 854 vid.
207 795 361 870 Corasen,
387 793 581 876 ,chusspreche
609 798 665 852 etc.
694 792 857 854 d.·latein.
887 792 1018 871 Sprachc
1043 794 1071 868 I,
1099 815 1130 872 p.
1156 795 1195 854 96
1219 815 1264 872 sq.

28 959 33 966 ,
105 896 222 957 Indic.
258 897 347 976 Corp.
370 897 447 959 Insc.
469 895 538 956 Lat.
561 895 591 970 Ι,
620 916 651 974 p.
668 897 748 970 ⁵608,
781 925 826 936 -
859 897 930 954 276.
959 910 993 956 se
1020 891 1267 972 recrudescit,

9 1035 30 1066 ,t-
106 999 151 1058 cf.
178 999 261 1060 Mil.
286 999 362 1063 345:
400 997 464 1072 ,Ne
496 997 554 1056 tibi
583 997 659 1058 clam
687 1018 718 1056 se
747 997 942 1076 supterducat
968 995 1087 1057 istinc“.
1132 997 1164 1058 Si
1190 1003 1266 1070 tem·

8 1137 22 1171 ··.
105 1120 194 1178 pus,
232 1101 348 1180 inquit,
377 1099 447 1160 huic
475 1099 575 1161 fraudi
604 1103 805 1178 opportunum
833 1100 998 1176 aufugerit,
1021 1099 1154 1160 Libanus
1181 1121 1266 1160 num·

8 1240 11 1246 -
108 1222 220 1278 quam
258 1207 452 1280 assequetur3
486 1201 567 1278 quod
601 1203 628 1260 si
659 1221 767 1278 parum
799 1203 924 1274 usitate,
958 1202 1020 1275 vel,
1055 1203 1080 1262 si
1113 1203 1178 1280 quie
1210 1203 1269 1262 hoc

108 1305 236 1380 malit,
265 1324 373 1383 parum
402 1308 540 1362 accurate
568 1303 660 1376 dixit,
689 1304 796 1364 saltem
824 1305 944 1377 melius,
975 1324 1063 1382 quam
1091 1304 1173 1382 quod
1204 1305 1270 1376 „vir

6 1449 9 1479 :
110 1403 345 1468 doctissimus“
373 1405 454 1482 apud
475 1405 599 1470 Leman.
623 1403 708 1482 Spec.
729 1425 760 1482 p.
786 1407 824 1464 16
847 1406 960 1466 voluit:
991 1407 1171 1480 „occasionis
1193 1411 1268 1466 tem·

12 1577 25 1580 ..
111 1504 228 1584 pns“;
253 1528 323 1568 nam
345 1509 449 1584 potius
470 1509 613 1584 tempor-is
636 1508 751 1568 occasio
770 1506 897 1568 dicenda
915 1512 989 1566 eret.
1023 1507 1134 1568 Verum
1152 1509 1269 1568 numeri

11 1679 14 1684 Ι
111 1629 185 1670 non
215 1613 364 1682 coustant,
388 1629 480 1688 quare
503 1609 571 1668 edd.
593 1609 686 1668 verba
706 1614 968 1688 transposuerunt,
992 1609 1097 1668 Both:
1125 1610 1220 1684 „Nam
1243 1613 1269 1670 si

8 1784 10 1786 Ι
115 1731 154 1770 se
180 1712 260 1772 huic
282 1732 309 1782 o.
328 1717 446 1790 tampns
465 1709 727 1789 supterduxarit“;
749 1710 810 1770 Fi:
832 1713 998 1784 ,occasioni
1014 1709 1119 1784 huic“;
1143 1712 1267 1772 Miffler:

119 1813 233 1886 ,Nam
249 1813 320 1872 huic
339 1811 395 1872 si“.
419 1811 567 1893 Equidem
588 1809 688 1888 ,sese“
708 1833 765 1891 pro
786 1813 831 1886 ,si
847 1811 897 1872 se“
918 1815 1060 1890 scriptum
1076 1833 1141 1872 esse
1153 1834 1267 1887 censeo,

6 1960 9 1962 -
117 1922 153 1973 et
178 1915 243 2002 hoc
265 1916 408 1974 restituto
432 1914 558 1974 alterum
580 1911 641 1988 ,si“
661 1913 832 1984 deleverim.
851 1945 895 1954 -
912 1917 983 1974 277.
1001 1911 1169 1990 incepisse,
1188 1915 1268 1994 qued

117 2017 246 2095 legitur
268 2017 359 2076 etiam
381 2015 449 2075 Aul.
474 2017 545 2090 766,
569 2016 632 2076 sive
653 2012 832 2092 iadiffiscor
855 2013 957 2094 (Epid.
981 2018 1053 2076 443.
1077 2017 1268 2078 1111111315.

119 2118 227 2178 Stich.
253 2121 323 2178 563.
347 2118 432 2178 Trin.
453 2114 545 2190 224),
570 2112 766 2195 compositum
789 2139 825 2176 ex
847 2118 921 2176 indu
944 2124 974 2177 et
997 2121 1128 2197 episcor,
1153 2126 1211 2194 est,
1235 2126 1270 2180 ut

15 2275 17 2278 .
121 2223 173 2280 ait
198 2221 284 2298 Epic.
308 2220 390 2280 Festi
408 2240 448 2310 P·
475 2221 550 2292 106,
579 2239 735 2297 assequor,
766 2220 926 2298 adipiscor.
955 2251 998 2260 —
1029 2217 1199 2300 9111111918
1232 2223 1270 2281 ad

6 2397 8 2399 Ι
123 2343 280 2382 summam
303 2323 489 2398 celeritatem
511 2321 736 2400 significandam
763 2323 870 2400 sapius
898 2324 993 2398 utitur
1015 2323 1155 2398 Plautus,
1179 2346 1206 2384 v.
1232 2325 1270 2382 ed

124 2425 244 2505 Amph.
264 2427 337 2484 418.
377 2417 456 2482 Albi
478 2428 508 2482 et
530 2422 653 2482 deorum
676 2431 706 2484 et
728 2425 982 2502 triumphatorum
1006 2428 1074 2521 equi
1098 2431 1193 2500 eraut,
1218 2427 1270 2504 qui

10 2563 11 2568 .
128 2549 203 2588 cum
226 2525 450 2602 magnificentia
478 2531 508 2584 et
534 2527 760 2604 pulchritudine
783 2532 896 2586 ceteros
919 2533 1063 2604 praestare
1086 2528 1268 2602 viderentur,

8 2701 9 2704 Ἴ
127 2635 201 2690 tum
220 2629 373 2689 celeritate
393 2629 538 2704 excellpre
554 2628 755 2707 putabantur,
775 2627 810 2686 cf.
829 2629 901 2688 Hor.
919 2629 981 2688 Sat.
999 2630 1022 2702 I,
1043 2632 1071 2702 7,
1092 2632 1124 2688 8;
1152 2630 1269 2704 „Sisen-

129 2753 189 2794 nae
211 2732 322 2792 Barros
350 2735 384 2790 ut
411 2732 496 2808 equis
522 2735 722 2808 praecurreret
748 2729 854 2790 albis“.
900 2731 996 2790 Catul.
1023 2733 1075 2806 58,
1103 2734 1156 2792 10:
1184 2732 1270 2806 ,Non
1347 2757 1354 2786 t

129 2835 229 2894 Rhesi
257 2836 349 2894 nivere
379 2834 506 2911 citaque
529 2830 637 2910 bigae“.
661 2863 704 2872 —
727 2834 797 2892 278.
822 2833 895 2892 Post
924 2850 1012 2894 erum
1038 2835 1156 2910 hiatus,
1186 2837 1270 2896 cuius

131 2936 253 2999 vitandi
277 2955 366 2996 causa
381 2933 427 2992 Fl.
455 2931 541 3008 „ille“
568 2934 707 3008 addebat,
732 2935 851 3009 Miiller,
876 2937 956 3014 qued
978 2937 1051 2996 ferri
1074 2958 1135 2997 nou
1157 2943 1268 3015 potest,

137 3037 215 3112 ,si“.
239 3037 484 3116 Comparationes
502 3057 519 3096 a
535 3056 568 3095 re
585 3037 709 3096 militari
726 3037 822 3097 ductae
840 3038 1000 3098 admodum
1014 3039 1184 3120 frequentes
1201 3045 1272 3098 sunt

134 3141 218 3220 apud
229 3145 335 3218 poetes
349 3143 478 3200 comicos
490 3139 649 3214 Romanos,
663 3141 699 3199 cf.
712 3159 797 3218 supr..
806 3162 834 3200 v.
850 3142 921 3200 105.
937 3141 1057 3199 Terent.
1069 3142 1177 3200 Heaut.
1193 3142 1268 3200 669:

138 3246 189 3318 „in
202 3247 361 3317 angustum
378 3242 490 3320 oppido
508 3262 587 3301 nunc
605 3262 687 3302 meae
707 3247 854 3318 coguntur
872 3240 1012 3322 copiac“.;
1030 3264 1058 3301 v.
1070 3241 1270 3320 Kampmann,

135 3346 174 3404 de
196 3367 229 3404 re
251 3345 378 3405 militari
399 3345 480 3421 apud
496 3343 646 3406 Plautum.
668 3375 712 3384 -
736 3347 807 3404 279.
832 3341 1015 3422 opprimere,
1039 3345 1058 3404 i.
1078 3365 1102 3403 e.
1123 3346 1269 3422 arripere.

134 3479 179 3489 -
213 3443 406 3524 opimitate&
437 3447 566 3520 divitia,
597 3447 633 3506 cf.
663 3447 747 3526 Gapt.
772 3450 849 3507 762:
889 3449 1063 3520 „Maxumas
1098 3448 1271 3524 opimitates

136 3551 338 3628 opiparasque
361 3549 449 3609 offers
471 3546 575 3608 mihi“.
609 3548 686 3608 Non.
704 3570 735 3628 p.
755 3549 813 3607 146
836 3553 924 3628 gravi
947 3569 1046 3608 errore
1069 3549 1269 3627 optimitatem

134 3655 221 3732 legit.
243 3681 287 3692 -
311 3654 382 3711 281.
408 3649 472 3712 eris
494 3655 553 3712 iam
576 3653 607 3710 in
631 3650 717 3711 codd.
741 3651 940 3711 emendatum.
958 3683 1001 3694 -
1019 3651 1054 3708 V.
1074 3655 1135 3712 282
1154 3650 1271 3710 Nonius

136 3755 226 3816 affert
248 3775 278 3833 p.
298 3757 347 3813 72.
372 3785 414 3794 -
438 3756 510 3814 284.
532 3751 567 3814 io
589 3769 748 3826 coemere,
773 3755 900 3814 etmihi
924 3760 955 3814 et
977 3754 1044 3813 sibi.
1061 3785 1104 3794 —
1122 3748 1271 3828 fraudem

134 3857 270 3938 frausus
291 3853 344 3930 eit,
367 3859 386 3916 i.
406 3879 430 3916 e.
454 3857 590 3918 fraudem
608 3857 800 3916 commiserit.
839 3852 989 3932 „fratreas
1011 3877 1066 3934 pro
1089 3855 1265 3916 fraudatus“

6 4025 7 4032 ,
134 3961 213 4021 Non.
243 3980 273 4037 p.
300 3962 375 4034 112,
403 3961 433 4020 h.
457 3981 484 4019 v.
515 3960 653 4032 laudato,
688 3959 724 4020 cf.
753 3959 836 4038 Epit.
864 3959 949 4020 Festi
975 3980 1006 4040 p.
1032 3963 1082 4018 91.
1127 3955 1170 4018 ait
1197 3960 1268 4018 olim

135 4063 336 4136 amendatum,
361 4063 397 4122 cf.
420 4063 529 4140 Amph.
555 4065 626 4122 971.
650 4091 690 4103 -
716 4065 787 4124 285.
812 4058 937 4139 (ppido,
960 4082 988 4121 v.
1013 4061 1051 4120 ad
1068 4061 1176 4140 Amph.
1197 4063 1268 4120 295.

134 4196 178 4206 -
203 4168 275 4225 286.
304 4165 399 4236 Quod,
419 4164 570 4226 Leonides
604 4166 716 4226 socium
750 4165 807 4224 sibi
836 4169 959 4243 quaerit,
990 4165 1105 4224 Libano
1133 4165 1269 4222 timorem

135 4268 271 4328 indicare
294 4267 424 4327 videtur.
469 4267 533 4326 Hoc
563 4287 629 4326 cum
658 4287 772 4326 summo
800 4269 926 4364 gaudio,
956 4267 1037 4346 quod
1065 4269 1096 4324 in
1119 4265 1270 4344 prioribus

135 4369 324 4444 ostenderat,
351 4389 412 4428 nou
439 4372 534 4448 magis
562 4371 735 4446 convenire,
766 4391 854 4449 quam
879 4391 945 4428 cum
968 4370 1077 4428 sudore
1098 4373 1269 4441 tremorem,
1338 4402 1339 4405 =
