2956 5018
752 505 846 562 Plauti
968 593 971 601 y
1199 505 1364 576 Isth-28

710 696 887 762 Libanus

1027 779 1172 848 Obsecro
1194 789 1239 849 ts.

707 890 889 956 Leonida

232 1002 282 1068 Ne
303 1006 341 1067 tri
363 999 474 1066 hercle
497 1021 571 1066 cum
592 1020 711 1084 magno
733 999 820 1068 malo
843 997 923 1064 mihi
945 997 1078 1064 obuiam
1099 999 1276 1065 occessisti.

233 1109 301 1176 Gur
321 1131 388 1176 non
409 1109 540 1188 uenisti,
564 1113 601 1174 ut
622 1108 791 1188 iusseram,
814 1107 850 1172 in
871 1105 1093 1174 tonstrinam?

712 1215 887 1280 Libanus

952 1323 1016 1390 Hic
1037 1343 1090 1389 me
1111 1327 1282 1390 moratust.
1313 1333 1367 1387 410

709 1429 888 1497 Leonida

234 1541 268 1607 Si
290 1540 423 1626 quidem
442 1536 556 1605 hercle
578 1557 665 1604 nunc
688 1559 851 1604 summum
874 1538 986 1606 Iouem
1010 1545 1044 1606 te
1066 1541 1159 1606 dicas
1182 1540 1365 1606 detinuisse

232 1649 342 1734 Atque
363 1649 391 1713 is
413 1653 568 1734 precator
589 1646 704 1726 adsiet,
726 1647 849 1712 malam
870 1669 940 1713 rem
962 1647 1105 1733 eclogies
1127 1669 1315 1732 numquam.

233 1757 283 1825 Tu
304 1757 445 1824 uerbero
467 1756 629 1840 inperium
650 1775 760 1820 meum
783 1755 1034 1840 contempsistil

711 1863 888 1928 Libanus

1037 1948 1128 2014 Perii
1148 1947 1278 2034 hospes.

697 2055 902 2121 Mercator

233 2167 364 2245 Quaeso
386 2163 498 2231 hercle
519 2163 598 2246 noli,
621 2163 756 2244 Saurea,
778 2183 852 2228 mea
874 2183 975 2230 causa
995 2162 1083 2229 huno
1104 2163 1293 2232 uerberare.

709 2271 889 2338 Leonida

232 2381 368 2448 Utinam
390 2400 477 2446 nunc
500 2379 650 2446 stimulus
672 2380 706 2444 in
729 2401 827 2445 manu
849 2379 929 2444 mihi
951 2380 1003 2462 sit,

698 2487 903 2554 Mercator

989 2571 1127 2652 Quiesce
1150 2593 1283 2656 quaeso.
1313 2582 1367 2634 415

709 2680 888 2746 Leonida

233 2791 296 2869 Qui
317 2787 427 2855 latera
448 2794 618 2854 conteram
639 2791 706 2869 tua,
729 2807 814 2872 quae
836 2787 1022 2854 occalluere
1044 2787 1159 2872 plagis.

232 2897 382 2962 Abscede
404 2915 444 2960 ac
466 2897 537 2962 sine
559 2917 611 2961 me
632 2895 720 2961 hunc
743 2896 898 2981 perdere,
927 2897 984 2982 qui
1012 2916 1140 2979 semper
1168 2915 1220 2960 me
1241 2895 1294 2961 ira
1315 2896 1365 2960 in-

894 3087 896 3092 ·
953 3002 1073 3084 cendit,

234 3113 318 3191 Quoi
340 3131 519 3195 numquam
540 3131 641 3176 unam
663 3133 733 3177 rem
755 3133 807 3177 me
835 3111 913 3178 licet
940 3112 1042 3178 semel
1069 3111 1262 3196 praecipere
1289 3109 1365 3192 furi,

206 3278 215 3296 ,
234 3220 320 3299 Quin
342 3220 489 3294 centiens
512 3217 629 3284 eadem
650 3219 798 3303 inperom
816 3227 916 3306 atque
935 3220 1146 3302 ogganniam;
1168 3220 1281 3303 itaque
1298 3219 1365 3283 iam

952 3326 1065 3394 hercle

234 3435 383 3502 Clamore
405 3455 445 3500 ac
468 3435 637 3500 stomacho
659 3457 725 3502 uon
748 3457 832 3520 queo
855 3433 962 3500 labori
987 3434 1206 3520 suppeditare.
1312 3445 1364 3498 420

233 3543 349 3625 Iussin,
371 3542 519 3624 sceleste,
543 3542 585 3608 ab
607 3545 708 3608 ianua
728 3542 791 3609 hoc
814 3546 940 3609 stercus
962 3543 1039 3609 hine
1062 3542 1208 3608 auferri?

232 3649 338 3715 Iussin
361 3649 522 3716 columnis
545 3650 643 3717 deiici
664 3673 784 3734 operas
807 3651 1026 3717 araneorum?

231 3757 359 3824 Iussine
381 3759 416 3823 in
437 3757 648 3843 splendorem
671 3758 744 3824 dari
765 3757 873 3825 bullas
894 3757 954 3824 has
976 3755 1103 3824 foribus
1125 3758 1267 3823 nostris?

232 3866 323 3932 Nihil
339 3873 405 3948 est3
421 3873 591 3952 tamquam
608 3868 636 3932 si
653 3865 789 3932 claudus
809 3868 879 3948 sim,
898 3887 972 3932 eum
986 3865 1102 3932 fustist
1118 3865 1362 3932 ambulandum.

234 3974 320 4053 Quia
329 3975 475 4040 triduum
485 3974 549 4040 hoc
559 3995 660 4040 unum
671 3973 767 4040 modo
778 3974 850 4040 foro
865 3973 942 4040 dedi
958 3995 1094 4059 operam
1111 3973 1294 4055 adsiduam,
1312 3981 1364 4034 425

128 4096 134 4108 ·
233 4081 318 4146 Dum
340 4081 505 4164 reperiam
526 4083 584 4167 qui
605 4083 770 4167 quaeritet
792 4089 965 4166 argentum
987 4083 1022 4147 in
1043 4081 1169 4162 faenus,
1191 4081 1245 4146 hic
1266 4103 1327 4148 uos

301 4294 535 4350 411detimuisse
593 4297 646 4350 416
663 4297 808 4351 occuluere
868 4299 919 4352 419
936 4298 1073 4368 imparem
1128 4297 1181 4350 422
1198 4311 1362 4350 aranearum

234 4383 420 4452 acceperam
438 4380 584 4436 adsiduam
601 4381 668 4436 dedi
