2956 5018
199 485 240 544 88
714 486 805 542 Palu
1157 493 1214 560 ns,
1225 495 1325 547 ru-a1

639 676 887 761 Argyrippus

200 791 263 870 Qui
284 788 399 854 modus
423 784 546 850 dandi?
567 805 643 850 nam
665 805 843 868 numquam
865 792 903 851 tu
925 786 1058 870 quidam
1076 789 1201 873 expleri
1218 797 1326 875 potes.

199 897 297 965 Modo
320 917 419 982 quom
442 893 608 976 accepisti,
631 892 721 958 haud
743 893 846 960 multo
868 902 945 978 pest
961 895 1087 980 aliquid
1103 899 1193 982 quod
1208 921 1328 984 possae

918 1025 1025 1087 paras.

669 1107 859 1174 Cleareta

200 1223 287 1304 Quid
308 1219 430 1288 modist
448 1218 624 1298 ductand0,
643 1217 808 1284 amando?
829 1239 1047 1302 numquamne
1064 1223 1191 1307 expleri
1208 1227 1327 1308 potes?

80 1363 82 1369 ·
200 1332 298 1398 Modo
320 1329 482 1407 remisisti,
507 1328 662 1392 continuo
685 1327 751 1390 iam
772 1331 809 1390 ut
830 1328 996 1394 remittam
1018 1330 1059 1395 ad
1082 1337 1115 1396 te
1137 1353 1244 1416 rogas.

637 1435 887 1518 Argyrippus

201 1547 284 1612 Dedi
307 1544 458 1629 equidem
481 1542 569 1628 quod
592 1563 719 1608 meeum
741 1541 844 1626 egisti.

670 1649 860 1715 Cleareta

741 1759 785 1824 Et
806 1758 867 1824 tibi
890 1780 949 1841 ego
971 1762 1046 1828 misi
1067 1763 1246 1830 mulierem.
1279 1774 1330 1827 170

200 1872 265 1940 Par
286 1871 359 1955 pari
381 1868 494 1934 datum
515 1867 791 1946 hostimentum,
815 1889 917 1951 opera
940 1890 999 1952 pro
1025 1873 1173 1954 pecunia.

642 1976 891 2060 Argyrippus

201 2087 289 2154 Male
311 2087 381 2170 agis
403 2105 539 2151 meeum.

451 2267 454 2276 ,
672 2190 860 2257 Cleareta

520 2300 605 2380 Quid
627 2322 679 2366 me
700 2321 849 2380 accusas,
873 2301 901 2365 si
922 2300 1010 2366 faeie
1033 2299 1176 2368 offieium
1198 2303 1330 2368 meum?

202 2413 286 2478 Nam
307 2430 414 2495 neque
436 2409 551 2476 fiotum
572 2415 742 2494 usquamst
763 2430 869 2494 neque
892 2411 1017 2493 piatum
1039 2431 1146 2495 neque
1169 2411 1330 2494 seriptum

916 2519 950 2582 in
973 2521 1144 2602 poematis,

201 2627 266 2694 Ubi
289 2628 364 2692 lena
384 2628 468 2692 bene
491 2632 570 2708 agat
592 2646 666 2690 cum
689 2626 844 2709 quiquam
867 2633 1013 2708 amante,
1036 2649 1121 2712 quae
1143 2626 1228 2710 frugi
1256 2649 1328 2693 essa

918 2735 998 2800 uolt.

561 2883 567 2893 ·
638 2842 889 2926 Argyrippus

199 2951 281 3020 Mihi
308 2951 440 3036 quidem
467 2955 500 3015 te
528 2971 665 3034 parcere
694 2958 866 3032 aequomst
894 2951 1041 3032 tandem,
1068 2959 1108 3018 ut
1128 2952 1190 3018 tibi
1212 2952 1329 3018 durem

918 3059 982 3124 Q
1278 3060 1329 3112 Πδ

671 3167 861 3234 Cleareta

200 3276 274 3342 Non
296 3284 334 3342 tu
356 3277 444 3341 seis?
467 3297 551 3358 quae
573 3277 697 3341 amanti
716 3280 841 3358 parcet,
860 3276 975 3340 eadem
992 3276 1055 3342 sibi
1073 3281 1186 3360 pareat
1201 3295 1328 3358 parum.

201 3383 302 3462 Quasi
324 3385 423 3466 piscis
445 3383 591 3450 itidemst
613 3392 742 3450 amator
763 3385 873 3464 lenae;
894 3391 1068 3469 usquamst
1089 3383 1152 3449 nisi
1173 3405 1299 3449 recens.

200 3491 233 3556 Is
255 3491 358 3557 habet
386 3513 515 3574 sucum,
538 3495 565 3558 is
587 3493 801 3572 suauitatem
824 3513 897 3558 eum
921 3494 1037 3576 quouis
1060 3498 1157 3576 pacto
1181 3491 1328 3571 condias,

199 3599 262 3667 Uel
284 3601 486 3686 patinarium
507 3600 562 3665 uel
585 3621 704 3680 assum,
725 3622 839 3667 uorses
861 3621 925 3685 quo
949 3617 1047 3684 paeto
1071 3601 1172 3665 lubet.

200 3709 232 3774 Is
254 3709 335 3775 dare
357 3710 443 3790 uolt,
466 3709 494 3774 is
518 3731 553 3775 se
575 3709 699 3792 aliquid
722 3710 829 3794 posei;
857 3729 935 3774 nam
955 3707 1001 3774 ibi
1024 3709 1064 3775 da
1087 3708 1183 3794 pleno
1207 3710 1328 3792 premi-

917 3823 981 3897 tur,
1279 3813 1329 3870 180

200 3925 314 4011 Neque
337 3926 393 3991 ille
416 3925 479 3991 scit
501 3924 580 4008 quid
602 3925 667 4004 det,
691 3925 770 4008 quid
793 3925 904 3990 damni
926 3924 1040 4005 faeiat3
1063 3925 1112 3988 illi
1133 3926 1183 3989 rei
1201 3925 1327 3991 studet:

199 4033 279 4099 Uolt
301 4034 431 4118 plaeere
455 4055 525 4099 sese
548 4035 683 4113 amicae,
707 4033 778 4098 uolt
799 4034 887 4112 mihi,
910 4032 981 4098 uolt
1002 4033 1210 4118 pedisequae,
1269 4081 1272 4089 ·

201 4205 405 4216 -ι-ιι-ο-ι-ι--αι

271 4286 1328 4359 lfflmmmMmmmmmmm

203 4375 252 4426 177
269 4374 350 4428 hene
403 4375 453 4427 leo
469 4373 518 4427 ubi
572 4375 622 4428 lea
638 4373 717 4442 pedis
736 4389 824 4441 aquas
