2968 5030
236 493 302 556 424
733 490 871 546 Adnuit

238 685 331 743 moris
353 689 420 745 erat
442 683 524 762 apud
546 685 710 760 Romanos,
733 690 768 745 nt
791 687 822 746 in
843 685 999 746 funeribus
1021 707 1039 746 a
1061 686 1217 746 conductis
1237 687 1365 748 mulieri·

237 785 307 861 bus,
332 807 398 866 quse
419 787 546 865 praefica
569 789 808 868 appellabantur,
832 791 935 849 uaeniae
958 794 1152 850 cantarentur
1172 789 1206 850 in
1226 789 1364 851 honorem

238 889 387 964 defuncti,
417 891 522 969 inepta
550 896 580 950 et
608 891 762 952 incondita
795 893 940 966 carmina,
970 897 1005 952 nt
1032 894 1076 952 ait
1097 892 1214 952 Nonius
1241 913 1271 972 p.
1296 894 1364 967 145,

238 1013 365 1071 qnorum
386 993 500 1072 putidas
524 999 555 1054 et
577 999 762 1074 exaggerate
784 995 889 1054 londes
910 995 1001 1074 vulgo
1023 994 1216 1070 ridebantur;
1238 1013 1266 1054 v.
1288 995 1363 1056 Non.

236 1115 266 1173 p.
293 1097 429 1156 66111.
462 1095 629 1174 „praelica“,
658 1103 688 1156 et
715 1099 867 1176 egregium
896 1097 972 1158 illud
996 1097 1113 1158 Seneca
1141 1097 1309 1176 exemplum
1330 1097 1367 1156 de

236 1204 333 1258 morte
356 1199 473 1260 Claudii
495 1219 520 1259 c.
546 1203 595 1260 12.

322 1505 377 1566 His
406 1506 494 1566 dictis
528 1509 702 1568 adulescens
735 1515 766 1568 et
797 1513 950 1588 parasitus
983 1508 1103 1570 domum
1135 1510 1211 1569 lenas
1244 1511 1368 1584 intrant,

236 1614 271 1670 ut
300 1629 337 1668 cx
365 1609 421 1669 bac
454 1611 626 1690 syngrapha
657 1631 721 1670 rem
754 1609 921 1672 conficiant.
966 1612 1027 1672 Sed
1058 1613 1248 1672 meretricem
1282 1614 1367 1674 alteri

237 1717 423 1772 auctoratam
446 1714 603 1774 inveniunt
626 1721 657 1774 et
677 1714 882 1774 Demaenetum
905 1712 1058 1794 filiumque
1081 1735 1147 1775 oum
1170 1735 1206 1774 ee
1227 1721 1367 1795 potantes
1460 1771 1461 1792 ,

235 1814 347 1876 rident.
387 1817 485 1890 Quare
508 1818 611 1876 statim
633 1816 760 1878 redeunt
782 1819 833 1877 irre
856 1815 937 1895 pleni
961 1823 991 1876 et
1013 1818 1138 1878 ultionis
1161 1818 1273 1896 cupidi.
1305 1819 1366 1897 Ap·

235 1926 322 1998 paret
348 1921 480 1998 spatium
509 1919 632 1997 aliquod
660 1921 817 2000 temporis,
849 1921 984 1998 quamvis
1012 1921 1166 1996 exiguum,
1200 1923 1281 1981 inter
1312 1921 1366 1982 hes
1460 1979 1461 1982 ,

236 2022 310 2080 duas
328 2041 430 2082 scenas
447 2021 639 2081 interiectum
662 2043 733 2097 esse,
757 2028 788 2082 et
810 2021 941 2096 fuerunt,
962 2025 1014 2101 qui
1033 2027 1175 2100 putarent
1197 2020 1364 2098 (1111111111-

236 2121 331 2198 eisen)
354 2129 472 2203 partem
494 2125 626 2204 aliquam
647 2124 756 2185 fabulas
778 2125 807 2184 b.
831 2127 851 2184 l.
875 2125 1074 2185 intercidisse.
1109 2125 1168 2185 Sed
1191 2133 1364 2206 argumento

235 2227 310 2286 nibil
326 2226 417 2302 deest,
441 2247 504 2300 uec,
528 2231 580 2304 qui
604 2229 735 2288 externis
757 2229 940 2288 testimoniis
961 2228 1074 2288 lacunas
1097 2229 1295 2305 suspicionem
1315 2229 1363 2288 lir-

234 2330 310 2389 mari
332 2335 493 2408 putarunt,
523 2331 608 2408 quasi
637 2351 741 2390 versus
770 2331 860 2390 buius
882 2329 990 2390 iahulae
1014 2351 1032 2389 a
1054 2332 1258 2407 grammaticis
1280 2331 1363 2392 affer-

234 2437 348 2506 rentur,
373 2433 424 2511 qui
446 2434 478 2492 iu
501 2432 651 2493 codicibus
673 2453 732 2492 non
757 2437 909 2506 extarent,
933 2431 1096 2512 quidquam
1119 2439 1222 2510 agunt.
1268 2433 1363 2495 Unum

235 2536 315 2594 enim
345 2537 464 2594 omniuo
494 2536 640 2596 eiusmodi
669 2556 787 2595 versum
808 2535 923 2596 Nonius
953 2534 995 2616 (p.
1020 2538 1081 2597 305
1105 2557 1127 2595 s.
1151 2557 1179 2596 v.
1209 2533 1301 2610 lama)
1330 2557 1364 2596 ex
1461 2571 1462 2574 ¹

234 2638 374 2698 Asinaria
395 2637 511 2698 laudat:
540 2641 608 2717 ,qui
632 2641 721 2698 etiem
745 2659 792 2698 mc
814 2641 955 2700 miserum
978 2641 1125 2699 famosum
1147 2640 1221 2699 facit
1243 2638 1364 2719 flagitiis

235 2738 328 2800 suis“.
362 2740 473 2800 Verum
490 2741 553 2800 huc
569 2741 662 2802 verba
683 2762 738 2802 nec
757 2743 788 2802 in
805 2741 1009 2802 Demaenetum
1032 2762 1086 2802 uec
1108 2743 1140 2802 iu
1161 2742 1256 2802 ullam
1279 2743 1362 2802 eham

234 2843 322 2902 buius
350 2843 457 2903 fabulae
484 2863 643 2921 personam
673 2845 868 2918 conveniunt,
898 2850 932 2904 ut
959 2847 991 2904 in
1018 2850 1163 2922 promptu
1196 2846 1237 2904 sit
1271 2847 1363 2922 suspi-

236 2949 297 3004 cari
326 2965 442 3004 errasse
464 2945 594 3005 Nonium
618 2949 650 3006 iu
671 2946 780 3007 fabulae
802 2949 932 3008 nomine.
977 2947 1048 3012 Hoc,
1070 2967 1103 3006 re
1130 2967 1202 3006 vera
1229 2949 1274 3007 its
1302 2967 1363 3006 esse

235 3048 338 3108 docuit
354 3041 540 3108 Studemnnd
556 3051 587 3107 in
604 3049 669 3108 Iud.
689 3051 782 3111 schol.
800 3051 966 3128 Grypbisu.
988 3043 1108 3124 18⁷¹lrs
1131 3069 1161 3126 p.
1183 3051 1232 3124 15,
1256 3052 1308 3128 qui
1331 3070 1363 3108 cx

235 3152 429 3230 palimpsesto
447 3152 647 3212 Ambrosiano
669 3153 748 3212 bunc
769 3173 888 3212 versum
905 3153 1019 3213 casine
1036 3151 1199 3212 vindicavit
1217 3149 1259 3227 (v.
1280 3149 1361 3226 911).

236 3255 334 3326 Quare
355 3254 441 3314 nobis
464 3255 583 3331 quidem
607 3256 681 3314 nihil
704 3256 849 3316 excidisse
871 3255 1000 3315 videtur.
1034 3253 1086 3313 Fit
1108 3254 1185 3312 enim
1202 3253 1260 3314 hoc
1278 3257 1363 3314 etiam

235 3359 266 3414 in
296 3358 361 3417 aliis
388 3357 513 3432 sabulis,
543 3363 577 3418 ut
606 3359 717 3418 eaedem
745 3377 893 3437 personae,
924 3378 990 3435 qua
1019 3376 1138 3416 scenam
1170 3357 1362 3435 reliquerunt,

236 3459 333 3519 denuo
355 3460 493 3532 redeant3
517 3462 709 3520 intervallum
732 3467 846 3535 autem,
870 3460 952 3537 quod
974 3460 1141 3518 necessario
1162 3461 1274 3535 oritur,
1298 3461 1361 3520 tibi·

236 3563 310 3622 cinis
339 3567 429 3622 cantu
456 3563 607 3640 expletur,
632 3565 692 3624 vid.
715 3564 833 3639 Proleg.
857 3585 887 3642 p.
915 3564 973 3622 loe
998 3583 1043 3640 sq.
1088 3560 1176 3620 Locis
1203 3561 1247 3620 ibi
1269 3563 1363 3622 allatis

235 3667 324 3724 etiam
347 3665 431 3744 Gapt.
456 3667 518 3725 000
543 3666 613 3725 addi
635 3673 750 3746 potest,
779 3666 832 3725 ubi
859 3666 1007 3743 parasitus
1036 3665 1075 3723 ad
1101 3664 1269 3726 cenandum
1290 3666 1364 3726 sedes

235 3768 344 3841 intrat,
372 3769 508 3844 proximo
536 3774 635 3828 cutem
663 3789 751 3828 versu
779 3788 856 3848 puer
879 3767 948 3826 inde
971 3771 1072 3828 exiens
1095 3767 1271 3828 aviditatem
1295 3771 1361 3842 eius,

235 3890 325 3947 quam
352 3871 383 3930 in
411 3891 484 3930 cena
507 3876 715 3948 conspexerat,
739 3870 895 3944 describit,
924 3875 959 3929 ut
986 3870 1030 3928 ibi
1059 3891 1179 3948 quoque
1208 3891 1271 3932 non
1292 3872 1363 3932 nihil

233 3973 379 4051 temporis
412 3973 615 4034 intercessisse
649 3979 800 4052 appareat.
846 3973 881 4032 In
909 3974 1027 4033 curcul.
1059 3975 1121 4034 460
1154 3993 1211 4052 pro
1243 3975 1362 4034 tibicine

235 4076 379 4154 oboragne
402 4082 588 4154 spectatores
611 4075 750 4136 oblectet.

322 4179 409 4252 Quod
423 4181 455 4238 in
474 4179 498 4238 B
514 4179 584 4238 buio
601 4199 694 4238 scenae
712 4181 947 4258 suprascriptum
964 4179 1111 4254 estDVO,
1129 4179 1271 4240 librarius
1289 4181 1362 4240 mole

235 4282 391 4356 intellexit,
410 4283 489 4360 quod
507 4280 690 4357 legerctDV,
713 4282 732 4340 i.
752 4303 777 4340 e.
802 4281 976 4356 diverbium,
1000 4303 1028 4342 v.
1047 4283 1165 4358 Proleg.
1185 4303 1215 4361 p.
1239 4285 1298 4342 170
1321 4303 1358 4360 sq.

234 4413 279 4423 -
297 4386 369 4443 803.
393 4384 424 4443 Si
446 4405 550 4444 versus
573 4386 693 4458 integer
715 4390 768 4457 est
793 4399 888 4462 egone
910 4385 1034 4444 alteram
1055 4385 1198 4462 syllabam
1217 4385 1360 4463 producit,
