2956 5018
126 503 327 580 macco
663 511 669 524 ·
726 513 732 526 ·
1193 512 1253 576 11⁷

123 695 196 782 Ego
221 702 415 788 conplexum
435 702 532 768 huiue
553 701 637 768 nihil
654 723 774 783 moror,
791 721 901 766 meum
916 704 1026 766 autem
1042 697 1126 766 haec
1142 718 1254 784 asper·

844 814 958 888 natur3

120 911 272 984 Proinde
293 918 381 986 istud
401 918 504 984 faciae
525 919 604 1002 ipee,
628 917 718 1002 quod
739 915 898 982 iaciamus
919 915 1015 983 nobie
1039 915 1167 982 suades.

563 1025 816 1109 Argyrippus

118 1131 196 1215 Ego
220 1154 301 1199 uero
323 1138 356 1198 et
379 1133 510 1217 quidem
533 1132 652 1219 edepol
673 1132 804 1214 lubene3
826 1135 965 1213 interea,
987 1133 1017 1198 ei
1037 1131 1179 1211 uidetur,

120 1239 306 1308 Concedite
325 1242 422 1308 istuc.

600 1347 781 1415 Leonida

435 1455 508 1522 Uin’
532 1476 623 1521 erum
646 1455 780 1522 deludi?

605 1563 780 1630 Libanus

774 1671 915 1754 Dignust
938 1691 1028 1738 eane.

602 1776 781 1844 Leonida

122 1887 197 1956 Uin
212 1889 329 1955 faciam
344 1893 384 1952 ut
398 1907 450 1952 me
467 1885 673 1953 Philaenium
689 1893 862 1972 praesente
880 1887 943 1954 hoc
961 1886 1188 1972 amplexetur?
1205 1895 1258 1949 640
1275 1941 1286 1956 .

604 1995 781 2062 Libanus

49 2141 52 2149 .
125 2080 231 2168 Cupio
251 2081 373 2148 hercle.

601 2188 782 2255 Leonida

384 2297 529 2383 Sequere
551 2296 624 2362 hac.

567 2405 817 2489 Argyrippus

641 2511 771 2596 Ecquid
794 2517 845 2578 eet
866 2512 1006 2579 salutis?
1028 2513 1109 2578 eatis
1130 2513 1257 2580 locuti?

603 2619 784 2686 Leonida
1102 2663 1106 2670 -

132 2729 321 2797 Auscultate
345 2736 445 2814 atquo
466 2749 603 2814 operam
626 2729 702 2794 date
724 2733 759 2794 et
780 2747 853 2793 mea
875 2725 964 2794 diota
986 2726 1152 2794 deuorato.

131 2837 272 2904 Primum
294 2838 439 2904 omnium
459 2857 575 2903 seruos
595 2844 670 2903 tuoe
691 2857 752 2902 noe
775 2857 846 2902 esee
869 2855 936 2902 non
956 2857 1127 2920 negamus3

131 2943 194 3012 Sed
214 2945 278 3012 tibi
299 2944 328 3012 ei
349 2945 468 3028 uiginti
490 2945 598 3010 minae
620 2945 750 3028 argenti
772 2943 990 3028 proferentur,

130 3053 200 3133 Quo
222 3075 284 3120 noe
305 3053 440 3119 uocabie
460 3053 614 3118 nomine?

567 3159 818 3244 Argyrippus

624 3265 785 3332 Libertoe.

603 3374 783 3440 Leonida

799 3482 873 3547 Non
895 3481 1078 3566 patronos?

567 3587 821 3674 Argyrippus

128 3675 167 3742 Id
187 3675 308 3760 potius.

604 3781 784 3848 Leonida

324 3887 451 3971 Uiginti
472 3889 582 3954 minae
603 3889 658 3954 hic
678 3890 793 3954 ineunt
813 3891 848 3955 in
870 3891 1034 3968 crumina3

127 3995 197 4064 Hae
219 4015 280 4078 ego
303 3995 331 4061 ei
353 3996 404 4062 uie
426 3997 489 4063 tibi
511 3996 608 4062 dabo.

569 4104 818 4189 Argyrippus

623 4211 666 4276 Di
687 4220 721 4278 te
734 4203 927 4278 ¹seruaeeint
948 4231 1085 4295 semper,

197 4379 250 4434 639
265 4377 388 4447 Dignum
406 4385 450 4435 eet
