2976 5056
565 469 597 524 v.
618 471 795 526 1ou-1eoa
1122 485 1126 492 ·
1184 478 1246 538 339

104 669 213 724 meter
239 663 432 742 hypermeter
459 669 519 737 est,
548 665 701 741 proximus
729 668 829 724 autem
856 663 1025 724 trochaicus
1052 669 1248 742 septenarius,

102 766 125 824 i.
152 786 182 826 e.
215 768 409 826 continuatur
435 765 514 824 idem
543 773 673 843 system
698 767 872 839 iambicum,
902 765 1057 843 divisoque
1084 787 1149 826 voc.
1178 783 1249 828 con·

102 863 280 947 [1419300111
300 867 361 927 duo
384 871 532 928 octonarii
553 867 639 944 finnt,
661 889 689 928 v.
707 869 788 928 Prol.
807 890 837 947 p.
854 869 923 927 186.
957 867 1024 926 Non
1047 889 1122 947 opus
1144 869 1247 946 igitur,

101 977 143 1029 ut
168 991 238 1030 cum
260 971 391 1030 Mollem
417 970 481 1044 „Ibi
503 969 585 1031 tum“
610 971 851 1031 3311631333-
880 963 924 1030 Ut
945 967 1043 1044 tutati,
1067 973 1086 1030 i.
1110 992 1135 1030 e.
1163 993 1247 1049 „quae

104 1093 173 1150 quo
197 1093 280 1132 eram
303 1073 444 1150 prolapsa
465 1075 588 1132 immota
609 1071 788 1146 iacueram“,
811 1072 1164 1133 Schmieder.—-1084.
1186 1071 1249 1133 iata

103 1175 179 1234 cod.
208 1175 250 1248 B;
284 1174 447 1254 eodemque
480 1181 616 1252 spectare
649 1175 769 1236 videtur
801 1180 943 1254 corrupta
975 1175 1068 1236 Nonii
1100 1177 1250 1255 scriptura

108 1275 230 1349 „tam“.
277 1276 334 1337 Sed
362 1277 416 1336 illa
442 1279 594 1355 particula
615 1299 633 1338 a
657 1278 713 1336 loci
741 1279 890 1336 sententia
912 1278 1094 1338 alienissima
1116 1284 1170 1352 est,
1194 1300 1250 1340 nco

104 1380 192 1438 enim
216 1385 282 1438 tntu
305 1379 423 1439 demum
445 1383 553 1438 timere
575 1381 673 1458 caepit,
698 1401 789 1456 quum
811 1399 914 1440 vocem
930 1380 1082 1441 Alcmena
1104 1381 1247 1442 audisset.

105 1479 157 1542 ita
182 1487 254 1540 cett.
278 1481 381 1555 codd,
406 1501 466 1559 qno
489 1480 652 1559 significari
674 1483 809 1554 videtur,
833 1482 973 1542 ancillam
996 1483 1100 1542 audita
1121 1482 1249 1543 dominae

104 1604 188 1642 voce
215 1590 301 1644 tanto
329 1585 439 1644 timore
468 1583 604 1644 affectam
634 1605 712 1658 ease,
741 1591 776 1644 ut
803 1585 918 1644 abiecto
947 1604 998 1657 eo,
1028 1605 1087 1661 quo
1110 1593 1249 1664 correpta

106 1687 229 1760 iuerat,
259 1692 384 1764 stupore
412 1707 467 1746 nec
494 1688 632 1746 ardorem
661 1687 771 1746 adium
799 1707 905 1745 curans
934 1687 961 1744 ei
987 1686 1173 1760 subveniret;
1196 1687 1249 1746 sed

107 1791 210 1852 multo
233 1788 417 1848 commodius
439 1789 501 1848 haec
524 1791 671 1849 sententia
694 1789 821 1848 abesset.
842 1817 879 1830 -
904 1790 995 1848 1085.
1019 1783 1124 1848 Eritis
1146 1790 1249 1849 metus

108 1897 163 1950 est
183 1896 280 1951 metus
302 1890 383 1952 heras
404 1891 452 1950 vel
473 1911 529 1968 pro
550 1891 632 1950 hera.
681 1884 899 1964 „Raeumtt't“
925 1893 969 1950 ait
992 1891 1108 1951 Nonius
1132 1911 1161 1968 p.
1187 1893 1247 1950 362

113 1997 268 2066 „revocat
312 1991 438 2052 Plautus
459 1993 691 2071 Amphitryone:
721 1993 763 2052 ibi
791 2014 839 2052 me
867 1994 1010 2053 inclamar
1037 1999 1248 2072 argumentum

112 2117 153 2154 ea
180 2115 229 2154 rea
258 2115 306 2154 me
336 2095 459 2155 horrore
487 2094 565 2168 affit,
595 2095 687 2154 Erilis
713 2097 881 2174 praeuertit
913 2100 1023 2170 metus,
1059 2115 1181 2155 accurro
1215 2101 1250 2154 ut

111 2199 208 2258 sciam
231 2197 303 2274 quid
326 2195 431 2271 uelit“,
454 2198 507 2257 ubi
529 2203 560 2256 et
577 2197 678 2257 Plauti
700 2198 793 2257 verba
815 2198 976 2258 admodum
999 2205 1140 2276 corrupta
1162 2197 1250 2256 affert

113 2307 148 2360 et
174 2300 300 2359 verbnm
329 2301 406 2363 male
430 2306 558 2358 enarrat.
604 2299 659 2358 Est
681 2303 760 2358 enim
787 2297 994 2378 „praevaluit“‚
1018 2302 1055 2358 cf.
1079 2300 1144 2359 Liv.
1168 2299 1249 2374 VIII,

117 2407 169 2477 16,
194 2407 228 2463 8:
256 2421 400 2479 „quarum
423 2399 578 2475 (turrium)
602 2421 689 2472 usum
710 2402 787 2460 torte
811 2403 913 2461 oblata
939 2403 1149 2480 opportunitas
1172 2421 1249 2478 proe-

112 2501 240 2564 vertit¹‘.
263 2533 307 2544 -·
328 2503 363 2564 ui
384 2499 530 2578 anacam,
554 2504 590 2562 cl.
614 2503 720 2562 Bacch.
745 2506 822 2563 298:
858 2509 909 2577 „ut
936 2505 981 2563 illi
1005 2503 1037 2563 id
1059 2505 1170 2564 Iactum
1194 2505 1249 2562 sci·

114 2604 265 2666 seerent“.
278 2637 321 2646 —
337 2607 428 2666 1087.
443 2601 555 2682 Neque
571 2607 717 2666 nostrum
735 2603 900 2682 quiaquum
917 2602 1085 2680 3331313133,
1104 2607 1141 2666 cf.
1157 2607 1248 2664 1115.

114 2709 197 2768 Meu.
224 2710 301 2767 774:
336 2707 395 2780 „Ut
417 2727 553 2781 maeres,
576 2713 682 2767 neuter
705 2708 744 2766 ad
765 2728 812 2767 me
833 2709 919 2768 iretis
941 2728 1006 2768 cum
1030 2706 1249 2786 querimonia“.

106 2813 197 2875 ,7682
233 2809 402 2886 „Loquera,
432 2816 499 2869 uter
526 2811 677 2868 meruistis
706 2808 853 2886 culpam“.
903 2812 998 2868 1097:
1033 2811 1125 2884 „Uter
1148 2811 1249 2882 aratia,

114 2919 190 2970 tune
214 2933 252 2970 an
275 2911 325 2969 ille
347 2909 485 2971 maior?“

207 3015 299 3073 1088.
328 3011 561 3092 Interrumpitnr
595 3015 818 3074 octonariorum
852 3015 1034 3072 continuitas
1067 3035 1145 3074 nova
1177 3016 1250 3072 inei·

115 3109 220 3195 pionte
243 3117 458 3174 sententiarum
480 3116 565 3174 serie.
611 3116 708 3176 Huius
736 3116 916 3192 principium
944 3115 1016 3173 facit
1041 3115 1167 3173 dimeter
1189 3120 1251 3172 tro-

117 3220 238 3278 chaicus
272 3217 476 3291 catalecticua;
513 3224 578 3276 tum
617 3219 830 3276 continuantur
868 3217 1013 3274 octonarii
1047 3216 1173 3274 iambici.
1207 3246 1251 3256 —-

120 3313 405 3396 1090333311331,
435 3320 471 3378 ef.
499 3321 589 3379 1069.
613 3349 655 3359 —-
686 3321 777 3379 1091.
802 3333 986 3395 cognoscam
1013 3318 1084 3376 olim
1113 3317 1250 3376 emenda·

117 3429 190 3482 tum.
237 3421 297 3480 Pro
325 3421 514 3480 antecedenti
544 3421 573 3480 et
594 3420 640 3479 Fl.
667 3419 750 3494 „ut“,
779 3426 813 3479 ut
840 3437 931 3497 supra
955 3421 1026 3477 287.
1072 3419 1131 3477 Sed
1161 3420 1251 3476 etiam

117 3525 320 3602 copulativam
353 3523 533 3600 particulam
565 3524 637 3582 ferri
670 3541 757 3599 posse
786 3520 949 3580 ostendunt
977 3520 1050 3594 loci,
1079 3520 1130 3578 uhi
1159 3521 1252 3597 atq-tte

116 3627 238 3701 legitur,
262 3646 289 3682 ιι.
314 3627 385 3684 456.
413 3627 503 3684 1008.
527 3626 610 3684 Asin.
636 3626 707 3684 293.
731 3622 891 3681 1131640.
915 3621 980 3681 Val.
999 3623 1079 3681 Max.
1098 3621 1147 3695 IV,
1168 3623 1196 3694 5,
1216 3623 1249 3680 5:

121 3731 181 3803 „ite
205 3733 236 3786 31
257 3726 339 3786 istud
361 3725 490 3786 officinm
513 3730 652 3804 prastate
674 3720 811 3784 victori“.
835 3755 878 3764 —
901 3724 948 3782 331
965 3723 1035 3782 addi
1053 3722 1162 3782 debere
1180 3723 1251 3782 olim

117 3830 304 3889 intellectum
327 3833 386 3902 eat3
410 3828 438 3887 h.
463 3829 482 3886 l.
506 3828 610 3907 posuit
628 3826 673 3885 Fl.
693 3855 736 3866 -
762 3827 853 3886 1003.
879 3820 947 3886 Tua
965 3819 1100 3886 Bromia
1123 3819 1250 3885 (11131110.

117 3933 184 3992 Hoc
216 3931 321 3990 ordine
355 3930 492 3989 solebant
519 3929 663 4002 Romani,
692 3930 729 3987 oi.
752 3927 858 3987 Bacch.
885 3929 945 3986 342
976 3933 1007 3986 31
1037 3927 1113 3985 813ι
1152 3946 1252 4000 „meus

117 4034 321 4093 Mnesilochus
353 4029 463 4091 filina“.
517 4031 602 4109 Capt.
628 4032 705 4090 867:
746 4036 849 4103 „tuum
883 4028 1068 4104 Stalagmum
1102 4026 1249 4087 seruom“.

118 4135 183 4194 Cas.
209 4137 286 4193 711:
314 4139 433 4208 „nostro
457 4133 625 4210 Olympioni
647 4130 780 4191 uillico“.
822 4131 894 4190 cist.
920 4132 997 4189 374:
1025 4131 1101 4203 „mei
1122 4130 1251 4207 Lampa-

119 4237 193 4298 disci
215 4233 325 4295 serui“.
360 4235 440 4294 Poeu.
463 4238 538 4295 17οε
561 4241 632 4294 tuus
653 4233 837 4294 Collabiacus
860 4230 1009 4292 uillicus“.
1044 4230 1089 4290 Ex
1109 4231 1251 4290 Cicerone

19 4321 20 4324 Ἴ
118 4339 251 4414 Madvig.
275 4337 382 4416 Opuac.
407 4339 435 4412 Ι,
459 4358 489 4416 p.
517 4340 576 4423 170
606 4335 709 4394 attulit
731 4335 848 4394 Cluent.
875 4337 909 4409 8,
934 4335 989 4392 25:
1023 4334 1104 4410 „eiua
1127 4333 1251 4412 Lucium

995 4445 1045 4501 22*
