2956 5018
75 489 109 559 v,
122 493 147 559 1,
156 493 251 546 4-14
586 491 723 547 nenses
1158 499 1219 562 129

527 679 777 766 Argyrippus

71 786 209 868 Pietas,
248 794 362 873 pater,
397 788 501 854 oeulis
535 788 683 855 dolorem
716 789 885 874 prohibet3
924 809 1126 874 quamquam
1158 811 1219 875 ego

807 898 915 963 istane
937 917 1021 978 amo,

71 1003 221 1070 Possum
252 1004 406 1088 equidem
431 1003 588 1072 inducere
617 1006 777 1086 animum,
805 1026 847 1071 ne
870 1025 968 1087 aegre
990 1005 1118 1089 patiar,
1140 1006 1220 1091 quia

806 1119 918 1180 tecum
939 1111 1096 1178 adcubat.
1167 1121 1220 1177 flet

517 1219 788 1287 Demaenetus

72 1325 184 1393 Decet
206 1327 437 1394 uerecundum
460 1347 531 1394 esse
553 1325 808 1409 adulescentem,
830 1328 1024 1414 Argyrippo.

528 1435 779 1520 Argyrippus

588 1539 598 1562 ·
954 1519 1091 1605 Edepol,
1113 1527 1218 1605 pater,

73 1626 200 1694 Merito
226 1633 288 1694 tuo
310 1625 421 1693 faeere
443 1648 585 1712 possum.

520 1735 793 1802 Demaenetus

567 1842 636 1927 Age
659 1864 738 1926 ergo
760 1842 824 1909 hoo
845 1843 1006 1926 agitemm
1030 1841 1219 1908 conuiuium

77 1947 164 2015 Uino
190 1957 230 2016 et
251 1971 400 2016 sermone
422 1949 531 2032 suaui;
552 1950 629 2016 nolo
653 1971 713 2034 ego
736 1951 847 2030 metui,
871 1949 975 2015 amari
996 1949 1136 2032 mauolo,

78 2057 124 2122 Mi
146 2057 265 2143 gnate,
289 2079 341 2124 me
363 2057 423 2124 abs
445 2065 488 2123 te.

528 2165 782 2250 Argyrippus

369 2273 429 2340 Pel
452 2293 514 2358 ego
536 2279 712 2357 utrumque
733 2271 829 2354 facio,
850 2278 889 2338 ut
911 2276 1085 2357 aequomst
1105 2270 1218 2336 filium.

521 2380 790 2446 Demaenetus

82 2487 230 2556 Credam
251 2492 347 2568 istro,
369 2488 397 2552 ei
419 2509 489 2554 esse
511 2493 545 2553 te
568 2487 709 2554 hilarum
733 2486 859 2554 uidero.

417 2604 421 2612 '
526 2595 778 2681 Argyrippus

564 2703 616 2770 An
638 2710 676 2769 tu
697 2724 768 2770 esse
790 2723 842 2768 me
865 2702 996 2768 tristem
1017 2700 1140 2786 putas?
1167 2709 1220 2764 830

522 2811 789 2877 Demaenetus

84 2917 203 2986 Putem
231 2939 292 3004 ego
319 2940 416 3004 quom
442 2917 574 2986 uideam
602 2939 707 3004 aeque
735 2939 809 2984 esse
832 2923 1008 2998 maestum,
1033 2917 1129 3002 quasi
1150 2917 1219 2983 dies

808 3027 838 3092 si
860 3025 951 3092 dieta
972 3026 1037 3091 sit?

527 3135 780 3219 Argyrippus

87 3217 133 3284 Ne
157 3219 245 3286 dixis
267 3219 361 3285 istuc.

521 3326 790 3394 Demaenetus

379 3433 428 3499 Ne
451 3433 499 3500 sio
520 3433 636 3514 fueris3
658 3434 735 3500 ilieo
759 3455 819 3518 ego
841 3453 908 3499 non
931 3431 1055 3500 dixero.

529 3541 779 3627 Argyrippus

91 3645 181 3732 Hem,
204 3655 349 3735 aspecta,
373 3647 474 3715 rideo.

522 3755 790 3823 Demaenetus

423 3863 557 3930 Utinam
580 3863 666 3929 male
688 3865 745 3949 qui
766 3863 847 3928 mihi
868 3862 986 3930 uolunt
1008 3864 1055 3929 sio
1076 3861 1217 3928 rideant.

528 3972 779 4056 Argyrippus

96 4073 166 4144 Seio
193 4078 345 4163 equidem
372 4099 471 4161 quam
499 4077 540 4144 ob
568 4099 639 4142 rem
666 4099 733 4158 me,
755 4083 867 4162 pater,
891 4083 929 4144 tu
950 4078 1082 4144 tristem
1104 4077 1219 4144 eredas

808 4205 895 4250 nuno
917 4184 995 4251 tibi:

159 4357 211 4409 828
228 4359 260 4408 ut
326 4355 377 4409 ael
396 4357 429 4408 ut
446 4353 525 4423 qnasi
570 4353 655 4408 dueta

997 4455 1015 4509 9
