2960 5038
251 481 314 543 192
709 474 921 546 Prolegornens

249 670 416 730 similitudo
443 689 636 730 numerorum
663 675 694 730 et
722 667 879 730 modorum
900 669 1129 729 similitudinem
1152 669 1390 740 commendavit,

251 775 304 834 sed
329 793 391 834 non
417 777 453 832 ut
481 771 612 850 strophae
634 770 806 832 Grecorum
833 773 923 832 certis
950 771 1024 832 locis
1051 769 1179 851 fixisque
1206 771 1391 832 interrullis.

251 877 314 936 Nec
339 881 441 935 temen
471 877 552 934 omni
582 875 649 950 lege
676 875 774 934 solute
800 874 875 933 tuiis
903 875 1020 933 centies
1049 893 1113 934 esee
1136 874 1282 934 censenda
1301 879 1391 933 sunt

227 977 336 1038 ¹Unus
364 976 539 1054 plerumque
566 996 622 1055 per
647 981 746 1035 totum
774 978 923 1036 cauticum
950 981 1089 1036 senatur
1117 977 1216 1051 color,
1244 997 1297 1036 nec
1316 977 1393 1036 sine

250 1081 370 1139 ratione
392 1081 542 1138 cennens
563 1081 743 1157 iunguntur3
772 1081 924 1138 contrario
951 1083 1053 1137 eutem
1080 1083 1151 1138 sunt
1173 1099 1240 1156 quse
1262 1079 1297 1138 sb
1321 1077 1394 1137 ursi

251 1181 399 1260 incipiant
432 1177 551 1256 (iambi,
582 1181 738 1259 anapaesti,
768 1177 897 1256 bacchii)
927 1185 959 1240 et
986 1199 1052 1258 que
1080 1199 1098 1240 c
1125 1181 1206 1240 thesi
1237 1178 1392 1256 (cochei,

251 1282 380 1360 dactyli,
404 1280 530 1357 cretici).
574 1284 683 1361 Itaque
712 1285 859 1361 snepuesti
888 1303 954 1344 cnm
982 1284 1102 1343 creticis
1131 1302 1194 1342 uon
1214 1285 1390 1354 miscentur,

252 1406 307 1444 nec
340 1385 428 1446 focile
460 1387 498 1445 ab
531 1385 639 1446 iambis
674 1385 713 1444 ed
746 1385 892 1445 trochoeos
923 1387 1071 1445 transitur
1105 1385 1165 1445 nisi
1199 1385 1392 1464 interpositis

252 1489 378 1548 creticis.
412 1489 524 1548 Verum
540 1490 714 1566 interrupte
735 1487 836 1547 subito
858 1489 1007 1548 sententia
1029 1493 1082 1547 eut
1103 1489 1205 1548 animo
1228 1489 1390 1548 vehemen-

252 1594 312 1650 tius
335 1595 482 1650 ccmmoto
504 1591 581 1649 nihil
603 1590 713 1664 obstet,
737 1591 914 1668 quominus
933 1591 1024 1650 etiem
1043 1593 1196 1650 contrarie
1212 1593 1387 1668 iunguntur.

252 1692 442 1752 Cunticorum
469 1693 601 1752 rationes
630 1693 786 1770 explorare
814 1692 931 1751 studuit
952 1691 1118 1754 Gulielmus
1141 1693 1330 1754 Studemuud
1354 1695 1390 1750 in

254 1795 463 1856 dissertatione
484 1796 654 1874 inaugurali
675 1795 766 1855 1864.
799 1793 878 1854 Ειιιιι
901 1793 996 1868 odeat,
1014 1797 1067 1873 qui
1084 1797 1186 1856 omnis
1201 1797 1388 1874 perlustrare

253 1897 340 1970 velit,
370 1917 426 1957 nos
454 1897 573 1976 singule
599 1899 660 1956 suis
688 1916 814 1975 querque
841 1897 914 1958 locis
941 1897 1152 1984 tractabimus,
1180 1898 1229 1958 hic
1251 1897 1389 1976 exemplu

253 1981 390 2076 quaedum
413 2001 645 2077 compositorum
667 2019 808 2060 versuum
830 1999 1097 2060 efferresufficiut.

339 2100 528 2179 Frequenter
550 2107 711 2162 occurrunt
731 2121 836 2162 versus
859 2103 903 2161 εἰ·
918 2101 1033 2162 duobus
1051 2100 1169 2161 creticis
1186 2108 1218 2160 et
1233 2101 1385 2160 trochaico

253 2203 467 2281 semiquinario
496 2207 666 2282 compositi,
694 2209 730 2263 ut
750 2205 841 2264 Most.
868 2205 943 2264 130:
978 2205 1040 2278 ,¹1n
1061 2203 1215 2263 febrorrim
1237 2204 1386 2283 potestdte

254 2304 327 2363 dum
348 2302 422 2366 fui“.
456 2289 550 2367 Plura
570 2305 631 2366 vid.
650 2306 792 2384 Geppert.
811 2306 896 2366 Stud.
916 2305 940 2380 I,
962 2325 993 2384 p.
1018 2308 1056 2366 33
1079 2323 1124 2386 eq.
1157 2305 1214 2364 His
1235 2305 1387 2365 interdum
1456 2307 1457 2314 ’

254 2407 505 2484 intermiscentur,
529 2411 582 2488 qui
604 2429 641 2468 ex
662 2407 781 2468 duobus
804 2410 923 2468 creticis
945 2413 977 2468 et
998 2427 1105 2487 paeoue
1126 2409 1224 2487 primo
1244 2427 1308 2467 cum
1322 2406 1385 2484 syl·

256 2510 326 2568 laba
354 2517 505 2586 constent,
534 2517 570 2572 ut
591 2511 681 2571 Most.
707 2512 783 2571 cel:
822 2510 926 2584 ,Nunc
954 2511 1117 2570 dormitum
1144 2509 1229 2569 iubet
1256 2531 1301 2569 me
1325 2511 1383 2585 ire.

256 2610 411 2672 Minime“.
439 2614 479 2673 ib.
499 2615 656 2673 osc-85.
681 2612 720 2670 ul.
754 2612 824 2672 Non
842 2633 910 2672 rero
927 2613 1062 2672 iuvenies
1084 2631 1189 2672 versus
1211 2633 1249 2671 ex
1270 2611 1383 2670 duobus

254 2714 385 2774 becchiis
413 2720 444 2774 et
470 2716 596 2776 iambico
622 2715 836 2792 semiquinario
864 2715 1060 2793 compositos,
1082 2718 1118 2773 ut
1138 2713 1230 2774 Most.
1255 2716 1312 2776 307
1334 2733 1382 2792 sq.

460 2816 631 2877 Aduersrim
651 2817 750 2876 ueniri
771 2817 846 2876 mihi
868 2817 907 2876 td
928 2807 1131 2877 Philolachetis

461 2919 538 2980 Volo
560 2919 697 2998 temperi.
720 2919 800 2994 cudi,
823 2919 870 2979 em
892 2920 950 2980 tibi
971 2920 1188 2998 imperetumet.

255 3019 317 3080 Alii
337 3019 415 3080 finnt
435 3021 586 3082 trochaico
609 3023 823 3100 semiquinario
845 3023 984 3101 repetito,
1008 3025 1043 3081 ut
1064 3019 1172 3080 Pseud.
1199 3022 1278 3081 1278
1300 3039 1342 3098 eq.

461 3125 567 3184 Nimius
588 3130 655 3184 tum
676 3125 826 3203 volupttti
848 3124 954 3203 edepol
976 3125 1029 3183 fui.

461 3227 517 3288 ‘Ob
540 3247 641 3287 casum
663 3227 755 3286 detur
776 3226 952 3302 cinthum13
974 3226 1047 3286 bibi.

255 3329 365 3389 Rarius
388 3350 426 3390 ex
446 3333 576 3408 repetito
599 3330 724 3390 iambico
747 3329 968 3406 semiquinario,
992 3334 1027 3387 ut
1048 3329 1139 3388 Most.
1165 3329 1226 3387 855
1249 3347 1290 3404 sq.
1393 3391 1396 3396 Δ

461 3433 505 3495 Ut
526 3432 623 3492 edhic
645 3433 704 3491 fuit
725 3432 766 3490 mi
789 3433 902 3490 corium
925 3431 989 3490 esse
1012 3435 1142 3509 oportet,

461 3534 616 3618 Sincerum
638 3539 728 3612 etque
749 3539 785 3592 ut
805 3537 906 3592 notem
928 3532 1091 3607 uerberari,

341 3619 345 3626 ¹
461 3637 493 3697 Si
515 3638 570 3697 hoc
592 3639 635 3697 mi
656 3636 778 3715 perebo,
802 3635 896 3714 probe
917 3636 1030 3695 ttctum
1052 3635 1178 3696 hebcbo.
