2960 5038
584 491 617 547 v.
637 493 779 548 ree-ue
1185 453 1247 560 25'3

86 683 120 740 in
145 685 273 762 quibus
298 707 366 747 voc.
395 684 526 760 „uerna“
549 707 656 764 perum
678 687 821 745 Plautino
850 705 931 746 more
961 687 1117 763 repetitur.
1162 687 1247 746 Roet.

87 789 121 844 et
143 787 261 848 Holtz.
290 790 437 850 viderunt
457 811 476 849 a
497 809 578 849 voce.
603 783 682 850 Sum
703 803 780 850 uero
798 789 891 849 Sosiae
914 807 1078 848 sermonem
1103 789 1248 868 incipien-

87 889 165 950 dum
192 913 288 968 esse,
313 894 367 953 sed
389 899 496 952 neuter
517 894 614 952 locum
639 893 817 970 explicavit3
840 889 1016 950 Fleckeisen
1038 892 1156 952 demum
1173 892 1250 952 vidit

86 993 120 1052 in
144 1013 220 1054 voc.
249 1013 357 1058 uertet
380 999 488 1056 uitium
511 1015 591 1070 eesa;
614 1015 648 1056 ac
670 995 791 1055 videtur
809 1014 880 1054 sane
898 993 960 1053 bec
978 1013 1037 1053 vox
1054 1015 1090 1054 ex
1106 998 1249 1056 memorie

88 1099 282 1175 superioris
305 1119 410 1159 versus
432 1100 597 1177 irrepsisse.
642 1099 671 1158 Is
693 1115 767 1158 uere
788 1099 922 1176 scripsit,
952 1098 1034 1177 quod
1061 1119 1152 1178 quum
1179 1103 1249 1175 post

93 1199 217 1272 ,uero“
249 1223 361 1281 pamm
391 1203 542 1278 placeret,
571 1221 626 1260 nos
647 1203 773 1281 propius
795 1221 813 1259 a
834 1201 922 1260 codd.
945 1217 1041 1260 uerus
1068 1203 1247 1280 scripsimus.

90 1301 188 1362 Sosia
228 1326 267 1365 se
302 1307 369 1384 ipse
401 1323 505 1363 verum
537 1304 733 1363 verberonem
766 1323 846 1377 esse,
874 1306 893 1362 i.
918 1323 943 1362 e.
972 1323 1041 1363 vere
1074 1305 1249 1364 verberibus

90 1403 233 1483 dignum
275 1429 341 1468 esse
375 1407 463 1478 dicit,
492 1408 606 1484 quippe
634 1407 686 1483 qui
712 1425 773 1465 non
801 1411 888 1466 antea
915 1407 973 1466 diis
1001 1409 1115 1482 gratiae
1143 1409 1247 1483 egerit.

91 1506 259 1584 Sequitur
282 1513 315 1568 in
338 1508 439 1569 codd:
463 1503 561 1570 Nurac
581 1523 657 1574 uero
678 1504 758 1568 miti
779 1505 816 1569 ia
836 1509 970 1570 merstem
992 1507 1066 1588 fait,
1092 1529 1158 1588 quc
1180 1515 1250 1588 post

94 1611 240 1672 alteram
267 1614 450 1672 sententiam
474 1633 493 1670 a
515 1606 593 1672 Sum
616 1627 691 1674 uero
712 1613 905 1690 incipientem
933 1613 1005 1671 ferri
1033 1631 1093 1671 nou
1114 1618 1248 1689 possunt,

94 1715 128 1772 in
153 1718 322 1793 principio
346 1717 491 1775 cretionis
514 1713 605 1774 Sosiae
627 1719 708 1774 recte
731 1715 940 1787 rehaberent,
964 1735 1056 1792 quere
1073 1715 1140 1787 luit,
1159 1737 1248 1793 quum

98 1819 327 1877 antecedentia
350 1812 430 1878 Sum
451 1835 481 1877 a.
501 1805 532 1878 ui
551 1813 681 1878 uerbera
699 1817 827 1876 delenda
844 1837 907 1876 esse
923 1822 1069 1893 putarem.
1101 1817 1249 1890 Quoniam

97 1937 189 1994 vero,
211 1921 297 1979 unde
315 1921 376 1979 tale
399 1921 639 1980 additamentum
662 1923 744 1980 nesci
766 1922 909 1998 potuerit,
933 1940 994 1980 non
1009 1920 1198 1996 intelligitur,
1217 1921 1248 1979 in

101 2039 190 2081 voco.
210 2019 315 2084 Nune
335 2039 410 2084 uero
432 2025 539 2084 vitium
562 2023 753 2102 querendum
778 2030 832 2096 est,
857 2023 937 2101 quod
960 2022 1137 2082 confirment
1159 2023 1249 2082 etiam

102 2122 186 2184 Gell.
200 2127 229 2200 I,
244 2129 273 2199 7,
290 2129 327 2184 17
346 2133 377 2185 et
390 2127 505 2187 Nonius
521 2147 552 2205 p.
566 2129 637 2201 352,
655 2129 707 2205 qui
725 2140 855 2187 numero
871 2117 1019 2200 legerunt.
1050 2124 1250 2184 Adsoiveruut

103 2226 164 2286 bec
185 2230 339 2287 editorum
357 2229 503 2307 plerique,
525 2228 622 2304 ,cito“
642 2231 876 2307 interpretantes
894 2235 946 2288 aut
965 2225 1120 2302 „subito“;
1139 2227 1248 2286 Linde·

104 2349 202 2391 menn
221 2333 312 2390 etiam
335 2335 499 2409 „apposite
522 2329 721 2410 opportuns“.
752 2331 899 2392 Neutrum
916 2337 1010 2405 recte3
1033 2351 1103 2390 uam
1119 2347 1249 2392 numero

107 2435 267 2508 significet
288 2436 395 2507 „nimis
413 2432 559 2508 mature“,
580 2436 723 2508 „nimium
742 2437 812 2509 cito,
831 2435 970 2494 celeriter
986 2431 1140 2508 nimium“,
1158 2437 1250 2494 nteit

107 2535 225 2597 Festus
237 2556 267 2613 p.
284 2538 343 2596 170
355 2538 396 2596 M.
416 2537 445 2596 Ie
456 2535 553 2597 Navii
563 2537 661 2596 locum
674 2536 775 2596 affert:
792 2535 964 2610 ,Neminem
975 2537 1049 2610 uidi,
1061 2540 1114 2614 qui
1125 2557 1247 2597 numero

110 2640 220 2714 sciret,
253 2639 334 2718 quod
362 2642 468 2699 scitust
495 2637 600 2719 opus“.
644 2639 729 2698 Alios
758 2641 941 2698 scenicorum
974 2646 1133 2718 poetarum
1168 2642 1248 2702 locos

110 2759 128 2798 a
150 2741 248 2802 Festo
272 2748 303 2800 et
326 2763 345 2800 a
362 2741 460 2800 Nonio
482 2743 621 2802 laudatos
643 2742 703 2801 vid.
728 2740 808 2819 apud
825 2741 1030 2817 Ribbeckium,
1054 2743 1118 2802 Iud.
1138 2743 1247 2803 Comic.

111 2843 183 2904 Lat.
202 2866 233 2922 p.
253 2847 330 2918 3733
353 2844 454 2904 Plauti
477 2844 538 2905 haec
560 2851 639 2919 sunt,
663 2845 729 2903 Mil.
749 2846 845 2903 1391:
873 2845 978 2918 ,Haud
995 2846 1102 2919 etiem3
1124 2866 1248 2906 numero

112 2945 172 3006 boc
190 2944 297 3006 dieis“.
328 2947 391 3006 cas.
407 2949 483 3006 618:
506 2947 654 3020 „Numero
672 2943 777 3006 dicis“.
806 2943 898 3006 Merc'.
913 2950 989 3007 727:
1014 2947 1162 3020 ,Numero
1178 2969 1248 3027 pur·

114 3049 199 3125 gas“.
224 3050 304 3108 Men.
319 3051 395 3108 284:
417 3049 566 3124 ,Numero
578 3051 636 3109 huc
648 3050 772 3108 aduenis
788 3048 828 3107 ad
844 3048 1034 3126 prandium“.
1055 3050 1135 3109 Poen.
1151 3053 1248 3111 1276:

119 3152 201 3223 ,Cur
223 3171 347 3210 numero
370 3154 441 3211 estis
463 3151 615 3212 mortuil“
651 3152 785 3230 Apparet
807 3152 890 3211 aliud
910 3152 939 3211 b.
964 3153 983 3210 l.
1007 3155 1130 3228 requiri.
1171 3153 1249 3212 Nam

118 3255 201 3332 quod
223 3254 359 3314 Lindem.
384 3259 415 3314 et
437 3255 521 3334 Bost.
546 3257 639 3328 aiunt,
664 3256 828 3314 oraticnem
852 3273 918 3312 essa
940 3255 1091 3328 ironicam,
1115 3257 1165 3313 vix
1189 3258 1248 3314 cui·

117 3377 209 3434 quam
230 3357 423 3436 probabitur,
452 3360 620 3436 presertim
649 3377 740 3435 quum
767 3359 799 3417 in
824 3357 1068 3416 antecedentibus
1091 3357 1250 3417 admodum

118 3463 196 3520 serio
208 3460 294 3520 Sosia
310 3462 428 3520 locutus
448 3463 496 3519 sit.
530 3461 579 3520 Ad
601 3481 721 3520 sensum
744 3467 846 3536 aptum
870 3467 948 3520 esset
974 3461 1078 3533 „Nunc
1095 3459 1249 3534 demum“;

118 3563 170 3622 sed
188 3563 375 3640 comptelas
393 3563 537 3622 librorum
557 3565 737 3623 examinanti
755 3563 819 3621 veri
836 3563 962 3620 similius
978 3561 1147 3635 videbatur,
1160 3562 1249 3621 Plau·

118 3671 181 3725 tum
203 3660 301 3726 Nemo
322 3680 393 3726 aero
415 3667 579 3743 scripsisse.

207 3770 278 3827 177.
302 3764 339 3827 itt
359 3769 496 3829 mentem
511 3765 585 3847 suit,
608 3771 628 3827 i.
648 3789 672 3826 s.
691 3767 784 3841 venit,
803 3767 839 3827 cl.
857 3765 936 3826 infra
954 3769 1025 3826 703.
1049 3767 1155 3826 Bacch.
1172 3769 1248 3827 158:

124 3869 256 3948 ,Ecquid
286 3873 318 3930 in
346 3876 505 3930 mentemst
531 3871 604 3945 tibi,
633 3876 751 3949 petram
779 3870 836 3929 tibi
864 3868 967 3930 essa?“
1004 3869 1098 3929 Cicer.
1122 3869 1189 3929 Diu.
1219 3871 1249 3930 in

121 3973 216 4033 Cauil.
236 3975 291 4046 20,
311 3974 367 4031 66:
400 3975 455 4047 „ab
479 3975 588 4034 exteris
613 3972 798 4047 nationibus,
823 3993 888 4051 quse
911 3975 942 4032 in
965 3975 1125 4032 amicitiem
1145 3975 1251 4050 populi

121 4075 154 4134 R.
177 4075 382 4153 dicionemque
405 4075 540 4150 essent“;
564 4075 635 4136 alibi
662 4078 712 4148 „in
734 4081 913 4152 potestatam
936 4074 1030 4150 ssse“,
1054 4075 1249 4149 vid.Gell.1,

122 4181 149 4252 7,
174 4180 213 4238 16
236 4199 292 4256 sq.,
316 4180 367 4255 qui
391 4181 481 4239 etiam
503 4179 582 4238 hunc
603 4180 702 4239 locum
725 4185 946 4240 commemoret.
968 4209 1013 4220 -
1037 4179 1106 4236 179.
1130 4175 1251 4256 referre

121 4277 250 4357 pratia&
296 4280 411 4340 Plureli
444 4300 567 4340 numero
599 4281 752 4341 interdum
786 4284 817 4340 in
845 4283 893 4340 bis
922 4283 1020 4340 utitur
1041 4280 1180 4354 Plautus,
1217 4287 1251 4339 ut

122 4385 202 4443 Asin.
220 4383 296 4442 540:
320 4383 484 4456 „Perfidiae
502 4382 605 4442 laudes
623 4387 795 4462 gratiasque
813 4385 955 4442 hebemus
973 4385 1079 4442 merito
1097 4381 1250 4461 magnas“.
1287 4437 1289 4443 ,
