2960 5038
591 495 624 550 V.
645 498 785 552 lli-152.
1195 507 1257 568 247

211 693 270 750 142
294 711 361 769 sqq.
396 691 441 749 Ne
463 696 646 769 spectatores
669 711 786 770 quoque
810 712 912 752 errore
937 699 1097 752 teneantur
1122 701 1165 769 et,
1189 702 1257 757 uter

103 813 212 853 verus
235 793 420 872 Amphitryo
443 799 496 854 aut
517 813 605 854 verus
628 795 715 854 Sosia
736 797 785 870 sit,
809 799 957 874 ignorent,
981 797 1124 874 prologus
1149 800 1257 877 exigue

104 898 261 976 qnaedsm
295 903 420 957 ornatus
452 897 634 970 discrimina,
670 897 777 974 quibus
804 918 949 976 personas
979 901 1113 976 alioquin
1143 903 1255 962 similes

103 1003 342 1072 inseruerunt,
366 999 488 1060 indicet.
533 999 627 1060 Nobis
656 1000 776 1076 quidem
803 1001 859 1060 hoc
888 1004 1016 1078 φορτικὸν
1044 1003 1177 1076 videtur,
1201 1023 1256 1063 neo

104 1104 310 1176 Graecorum
341 1103 400 1162 nisi
426 1102 528 1175 fallor,
560 1102 642 1160 eliud
669 1103 812 1164 iudicium
844 1104 938 1178 forst;
972 1104 1098 1164 Romani
1131 1106 1255 1166 rudibus

105 1206 345 1285 spectatoribus
377 1205 591 1264 consulendum
625 1205 788 1279 duxerunt3
823 1227 857 1266 sc
889 1210 989 1266 nescio
1023 1228 1061 1268 en
1090 1229 1128 1267 ne
1155 1209 1255 1269 Plauti

107 1310 246 1387 quidem
268 1311 372 1386 ipsius,
396 1307 449 1368 sed
471 1327 583 1380 eorum,
608 1309 660 1385 qui
683 1309 741 1367 iam
758 1308 893 1368 defuncti
910 1316 1005 1387 poetes
1023 1311 1157 1371 fabulam
1175 1317 1255 1372 retu-

106 1414 231 1484 lerunt,
252 1413 310 1472 hoc
332 1413 488 1471 inventum
509 1411 608 1472 iuuerit.
643 1411 754 1472 Seltem
772 1412 804 1470 hi
822 1431 1063 1489 quoqueversus
1081 1415 1254 1490 ostendunt,

107 1517 283 1593 prologum
305 1535 366 1574 non
383 1516 480 1592 ipsius
497 1514 598 1574 Plauti
617 1535 689 1588 esse,
713 1517 765 1592 qui
788 1516 894 1574 eiiam
917 1514 954 1574 eb
976 1516 1063 1574 initio
1086 1517 1149 1576 haec
1171 1519 1256 1596 signa

108 1619 301 1692 indicasset,
330 1619 381 1676 rix
407 1619 439 1676 in
466 1617 566 1677 media
593 1619 696 1677 subula
719 1615 760 1692 (v.
781 1619 843 1678 854
867 1615 925 1694 sq.)
950 1617 1050 1676 Iovem
1078 1622 1255 1697 spectatori·

109 1723 176 1781 bus
208 1726 385 1780 narrantem
406 1720 621 1780 introduxisset
643 1741 673 1778 se
695 1725 896 1797 personatum,
921 1740 981 1779 non
1004 1739 1107 1778 verum
1129 1722 1255 1800 Amphi·

110 1831 261 1902 tryonem
279 1844 354 1882 esse.
370 1853 414 1864 -
434 1824 502 1882 143.
520 1823 593 1882 Post
609 1818 725 1883 habebo
742 1822 842 1882 hiatus
860 1823 891 1880 in
908 1841 1029 1881 caesuru.
1060 1823 1122 1882 Fr:
1144 1843 1255 1900 „usque

111 1927 199 2000 hic“,
220 1926 324 1986 Muli:
348 1926 455 1999 „hodie
471 1925 597 2004 usqus“.
612 1957 659 1972 e·-
677 1920 827 1986 Petusum
845 1926 957 1984 alatum
974 1925 1098 1984 deorum
1116 1927 1255 1987 nuntium

113 2037 260 2108 gestasse
281 2031 355 2088 satis
377 2035 502 2088 constet.
535 2029 651 2088 Petusis
673 2035 800 2088 utuntur
821 2031 910 2088 etiam
925 2027 1105 2105 Amphitryo
1124 2035 1154 2088 et
1171 2029 1256 2089 Sosis

114 2140 228 2212 utpote
262 2151 387 2209 peregre
420 2131 626 2205 advenientes,
660 2132 714 2191 sed
741 2137 776 2190 ut
803 2135 988 2208 spectatores
1016 2137 1098 2190 certo
1126 2133 1255 2209 quodam

114 2239 206 2315 signo
230 2239 409 2312 personatos
432 2256 449 2293 s
470 2237 549 2293 veris
570 2235 788 2312 Amphitryone
816 2241 847 2292 et
869 2233 954 2292 Sosis
980 2234 1200 2308 internecuno,
1224 2237 1255 2294 in

115 2341 268 2400 Mercurii
290 2343 395 2416 petaso
420 2339 505 2415 quasi
521 2357 685 2414 pennerum
703 2337 845 2396 iudicium
863 2337 995 2414 pinnulis
1012 2343 1090 2410 sunt,
1107 2336 1254 2415 Iuppiter,

118 2443 174 2520 qui
203 2461 296 2500 eures
326 2460 433 2500 corona
461 2445 514 2498 aut
536 2440 705 2500 diedemate
727 2441 851 2517 insignis
875 2459 938 2498 esse
960 2439 1051 2512 solet,
1074 2438 1130 2498 sub
1150 2445 1255 2518 petsso

118 2565 250 2604 aureum
277 2537 413 2603 torulum
435 2543 523 2617 gerit.
571 2540 735 2616 „Torulus“
762 2543 804 2602 sit
825 2542 920 2600 Varro
942 2540 977 2600 L.
1001 2543 1035 2600 L.
1059 2541 1094 2616 V,
1121 2545 1180 2601 167
1207 2545 1256 2618 „in

118 2649 260 2708 mulieris
283 2647 378 2723 capite
402 2643 555 2705 ornetus“.
578 2675 622 2686 --
646 2647 715 2703 145.
740 2645 847 2703 Hiatus
870 2646 902 2703 in
924 2664 1044 2703 cessure.
1078 2643 1140 2704 PL:
1168 2647 1256 2720 „Am-

118 2747 280 2828 phitruoni
297 2747 443 2822 signum“,
461 2748 547 2808 Mffll.
569 2745 684 2824 „quod“
704 2767 760 2823 pro
776 2745 843 2818 „id“
858 2747 998 2806 molebat.
1010 2777 1052 2788 --
1067 2749 1136 2807 146.
1149 2749 1257 2809 Hietus

120 2856 152 2912 in
176 2872 299 2911 cnsurs.
335 2850 396 2910 Fr:
423 2850 603 2924 „horunce“.
623 2881 666 2890 —
691 2851 760 2909 148.
783 2844 840 2909 ille
861 2851 968 2926 scripsi
988 2869 1045 2926 pro
1071 2851 1151 2924 „illic
1174 2850 1256 2926 sst“;

121 2957 225 3015 Luchs
252 2957 284 3012 in
308 2953 417 3012 Herma
438 2953 495 3026 VI,
519 2955 580 3012 274
614 2949 701 3029 „qui“
732 2954 764 3010 in
791 2954 961 3029 proximum
992 2971 1113 3012 versum
1145 2955 1256 3014 inferre

121 3058 265 3117 malebat.
293 3086 337 3098 -
367 3058 436 3116 149.
468 3050 602 3116 Portum
629 3055 755 3114 Plautus
783 3055 973 3131 geographie
1006 3075 1114 3130 perum
1146 3076 1256 3133 gnarus

122 3161 237 3220 Thebis
253 3159 428 3218 tribuit.-·-
444 3151 523 3219 Cum
545 3153 669 3218 hmo
691 3159 788 3216 noctis
811 3177 902 3216 cansa
924 3155 1065 3216 ambulat.
1099 3158 1171 3217 Post
1184 3159 1213 3218 h.
1226 3180 1254 3219 v.

122 3265 234 3322 hiatus.
280 3262 394 3321 Camer.
428 3258 520 3334 „huc“
551 3260 650 3334 cddit3
679 3260 790 3320 Bitsch.
813 3261 845 3318 in
867 3260 958 3320 Novis
980 3257 1053 3320 Exc.
1080 3259 1252 3334 „leterned“
1319 3269 1323 3276 '

123 3367 242 3439 scribit;
266 3365 404 3441 Spengel,
428 3364 525 3424 Plsut.
548 3384 578 3442 p.
599 3366 670 3437 235,
694 3365 809 3422 histum
832 3369 900 3422 ente
923 3368 1089 3422 extremum
1112 3366 1256 3424 creticum

123 3469 270 3528 defendit.
288 3497 332 3508 -
351 3469 420 3526 150.
445 3467 553 3526 Hiatus
570 3468 602 3525 in
619 3486 739 3526 caesuru.
769 3467 858 3526 Both.
881 3462 1020 3538 „illunc“.
1039 3495 1083 3506 -
1103 3467 1171 3524 151.
1189 3462 1256 3525 Ad·

124 3574 206 3646 aste;
229 3568 300 3643 erit,
323 3569 493 3630 emendavit
509 3569 683 3629 Pslmerius.
718 3570 762 3629 cf.
781 3570 901 3628 Terent.
919 3566 1013 3625 Andr.
1033 3569 1089 3626 24:
1116 3566 1255 3641 „Favete

124 3675 228 3734 adeste
257 3693 358 3750 esque,
372 3673 470 3731 enimc
498 3677 529 3732 et
556 3691 619 3731 rem
647 3669 836 3750 cognoscits“
863 3675 894 3729 et
917 3669 1024 3728 omisso
1050 3667 1184 3742 „enimo“
1210 3670 1254 3729 Pl.

125 3779 206 3836 Trin.
233 3779 289 3836 22:
327 3774 449 3848 „adeste
477 3795 543 3834 cum
570 3773 720 3835 silentio“.
744 3805 786 3815 -
814 3767 893 3833 Erit
921 3787 1024 3848 operae
1045 3768 1189 3848 pretium
1215 3793 1255 3832 sc.

126 3881 239 3940 edesse.
273 3877 345 3936 Post
371 3875 536 3955 „pretium“
562 3878 670 3951 hictus,
694 3883 729 3936 ut
751 3879 782 3935 in
803 3877 942 3955 proximo
965 3895 993 3933 v.
1015 3880 1084 3951 post
1109 3873 1255 3947 „facere“.
1331 3859 1333 3862 Ι

125 3983 170 4044 Fi.
195 3983 259 4042 sd:
293 3983 370 4054 „erit
391 4001 500 4059 operae
522 3981 610 4040 uobis
639 3979 877 4057 inspectantibus
899 3979 1000 4036 Iouem
1022 3983 1054 4035 et
1075 3977 1256 4038 Mercurium

126 4087 223 4146 fecere
245 4087 295 4144 bic
316 4082 541 4155 histrioniam“;
571 4085 658 4142 nimis
687 4083 838 4142 audacter.
884 4081 991 4139 Hiatus
1019 4085 1104 4139 tento
1132 4099 1255 4141 numero

126 4193 330 4260 occurrentes,
363 4188 583 4264 qualescunque
609 4192 731 4247 movent
758 4186 954 4262 suspiciones,
989 4183 1136 4242 editorem
1166 4185 1255 4243 relin-

127 4313 217 4368 quere
240 4295 372 4368 oportet.

590 4423 794 4432 ..ψ-
