2956 5018
577 483 787 556 Prolegomena
1188 493 1249 556 159

96 689 228 751 meas,
253 692 350 754 acm,
373 674 479 752 acius,
501 676 673 754 macirmce,
695 685 803 758 postea
823 699 885 740 non
906 699 975 739 raro
997 681 1104 752 corto,
1126 696 1247 756 sentos,

97 789 204 854 quoin,
224 777 363 856 quoiast,
380 797 557 855 mammae,
573 783 682 842 similia
697 783 883 856 scribentum
902 783 952 842 eet
965 782 1144 860 plerumque
1160 786 1249 864 plene

96 879 265 956 scribitur,
290 885 397 943 mrius
417 877 554 959 homost,
577 885 685 962 opacet,
707 885 827 960 retusi,
850 885 974 959 similia3
1002 899 1037 946 es
1063 905 1157 966 prope
1179 907 1249 947 con·

95 987 235 1059 atmter3
268 981 359 1046 milei
385 991 417 1046 et
441 980 526 1046 silit
551 989 639 1062 item;
668 1007 737 1047 nam
763 987 817 1046 ubi
842 960 873 1052 in
901 989 1056 1063 scribitur,
1090 989 1249 1050 brevitatis

95 1084 154 1144 hoo
178 1107 281 1148 causa
306 1086 358 1162 fit,
386 1107 447 1148 non
475 1090 546 1166 quia
571 1109 662 1150 uuam
690 1089 836 1167 syllabam
858 1093 978 1154 efficiat.
1023 1092 1082 1151 Pro
1104 1091 1209 1154 Gracc
1230 1117 1249 1152 o

96 1194 151 1247 aut
178 1209 201 1264 y
233 1195 297 1250 aut
325 1192 336 1249 i
363 1193 502 1270 ponitur,
532 1211 655 1269 perraro
677 1211 712 1268 u,
740 1199 877 1270 quamvis
903 1196 967 1256 bac
995 1195 1148 1272 antiquior
1169 1197 1248 1255 ratio

95 1290 194 1350 fuisse
217 1292 386 1368 videatur,
415 1313 539 1372 eamque
565 1313 619 1354 nos
647 1315 716 1354 cum
743 1300 852 1358 ceteris
879 1297 1048 1358 editoribus
1069 1299 1102 1357 in
1123 1296 1249 1376 Amphi·

96 1395 221 1453 huonis
252 1397 381 1456 nomine
413 1401 539 1475 propter
565 1401 771 1475 argumentum
798 1400 976 1460 acrostichis
1002 1401 1147 1480 scriptum
1175 1403 1248 1461 reti·

96 1495 236 1555 neudum
257 1497 411 1558 duximus.
447 1499 484 1558 In
505 1519 531 1560 ee
552 1504 584 1559 et
606 1519 622 1558 e
644 1501 809 1562 scribendis
831 1521 946 1562 summa
967 1503 1170 1562 inconstantia
1192 1509 1247 1578 est,

97 1601 190 1657 utet
214 1618 233 1657 e
257 1619 321 1677 pro
344 1600 532 1679 diphthongo
552 1602 724 1662 inveniatur
746 1609 777 1662 et
798 1623 823 1664 as
845 1625 902 1682 pro
924 1605 1052 1682 simplici
1070 1605 1175 1678 vocali,
1194 1625 1249 1664 nee

97 1700 130 1758 in
153 1703 383 1762 assimilatione
404 1705 650 1781 praepositionum
675 1707 772 1766 maior
793 1708 963 1767 constantia
984 1711 1040 1766 est.
1062 1735 1107 1748 -
1128 1705 1248 1766 Editori

99 1803 282 1864 severiores
304 1805 388 1880 leges
409 1807 613 1883 imponuntur.
651 1807 758 1884 Itaque
784 1827 837 1867 nos
860 1827 951 1886 quam
973 1809 1006 1866 in
1029 1807 1138 1866 ceteris
1158 1805 1248 1865 rebus

99 1902 182 1963 hunc
207 1907 353 1966 codicem
374 1909 417 1965 ita
438 1907 622 1984 sequendum
644 1907 825 1984 duxerimus,
848 1915 884 1968 ut
905 1908 1053 1986 quidquid
1074 1907 1112 1967 ab
1135 1927 1171 1966 eo
1189 1908 1248 1966 dis·

102 2013 252 2086 creparet
268 2014 376 2068 nostra
392 2008 550 2088 scriptura,
567 2011 600 2068 in
610 2012 745 2086 margine
757 2009 976 2086 adnotaremus,
988 2013 1020 2070 in
1031 2009 1249 2088 orthographia

102 2110 259 2171 maiorem
287 2111 463 2170 constantie
489 2112 638 2170 rationem
659 2112 827 2172 babuimus.
872 2112 938 2186 Qua
960 2111 998 2172 de
1019 2134 1053 2173 re
1075 2133 1167 2190 quum
1188 2113 1248 2172 iam

102 2213 215 2286 semel,
249 2215 284 2272 in
310 2213 488 2290 praefatione
509 2211 704 2291 Captivorum
732 2236 759 2273 a.
785 2215 867 2274 1869
896 2214 1007 2288 edita„
1022 2214 1246 2291 disputaverim,

102 2310 153 2370 hic
181 2314 325 2374 breviter
353 2314 504 2374 declarare
531 2313 661 2374 sufficiat
690 2335 755 2374 eam
783 2336 830 2376 me
858 2317 999 2395 amplecti
1026 2314 1178 2376 scribendi
1199 2335 1247 2373 ra·

104 2413 246 2489 tionem,
269 2436 330 2493 qua
350 2417 448 2495 primo
468 2437 498 2496 p.
522 2416 590 2476 Chr.
613 2438 643 2476 n.
666 2418 774 2478 saeculo
796 2417 968 2492 utebantur,
991 2419 1095 2494 paucis
1120 2418 1247 2476 retentis

106 2517 295 2594 antiquioris
316 2521 407 2577 moris
427 2520 571 2594 vestigiis.
616 2519 723 2597 Itaque
747 2539 806 2578 non
828 2519 924 2580 solum
947 2535 1041 2596 quom
1062 2519 1170 2591 scribo,
1194 2516 1264 2576 sed'

108 2619 205 2679 etiam
231 2616 361 2696 ermae,
385 2617 475 2696 quoi,
494 2621 595 2695 corto,
617 2635 737 2695 eecce,
760 2636 936 2695 maxumae,
959 2641 1014 2681 nec
1036 2621 1068 2679 in
1090 2620 1138 2679 his
1159 2619 1248 2678 rebus

109 2720 225 2781 codicis
250 2721 481 2800 discrepantiam
504 2721 640 2795 enotavi3
668 2723 701 2781 in
728 2721 790 2796 est,
819 2723 873 2782 ubi
897 2742 963 2782 cum
985 2721 1167 2802 precedenti
1188 2719 1248 2798 syl-

108 2820 181 2882 laba
203 2824 408 2901 coniungitnr,
425 2824 557 2884 vocalem
575 2826 697 2896 omitto;
720 2824 857 2884 secundas
872 2844 1016 2903 persona,
1041 2839 1083 2898 ee,
1108 2824 1248 2901 quoniam

109 2925 212 2984 minus
241 2930 324 2985 certa
350 2927 430 2984 ratio
451 2926 625 3000 videbatur,
649 2925 842 2986 antecedente
870 2928 966 2986 altera
991 2926 1090 2986 vocali
1117 2925 1248 2985 vocalem

111 3026 235 3104 reliqui,
259 3025 455 3087 antecedente
478 3047 492 3086 s
514 3029 623 3101 littera,
647 3028 836 3106 apostropha
854 3029 972 3106 signum
987 3029 1086 3106 posui.
1101 3025 1103 3030 ’
1120 3027 1147 3086 Υ
1168 3033 1199 3085 et
1220 3047 1246 3102 n,

114 3126 150 3186 cb
171 3136 205 3188 et
228 3129 324 3207 phin
347 3127 457 3188 Grecis
486 3130 611 3190 vocibus
638 3131 765 3202 retinui,
789 3151 824 3189 ae
847 3135 878 3188 et
903 3132 1003 3188 esuis
1026 3147 1153 3206 quaeque
1175 3129 1248 3188 locis

113 3233 218 3305 posui,
242 3232 333 3290 nain
358 3231 406 3290 his
433 3231 553 3307 quidem
580 3231 731 3310 adscripta
759 3233 818 3290 uisi
845 3251 970 3310 perraro
999 3229 1109 3289 codicis
1137 3229 1247 3288 discre-

98 3335 228 3408 panea.
273 3327 362 3393 Mihi
384 3337 414 3391 et
433 3327 517 3392 nibil
538 3333 625 3411 plene
648 3333 753 3411 scripsi
775 3333 897 3393 lectoris
920 3331 1044 3392 arbitrio
1066 3332 1246 3408 relinquens,

114 3439 216 3494 utrum
227 3455 287 3494 una
298 3455 338 3493 an
349 3433 464 3494 duabus
480 3433 602 3511 syllabis
619 3433 778 3510 legendum
794 3440 889 3511 putet,
906 3435 938 3494 id
955 3433 1038 3511 quod
1054 3453 1115 3493 non
1131 3453 1249 3512 semper

115 3553 169 3611 pro
193 3541 277 3596 certo
300 3536 459 3596 diiudicari
481 3541 589 3613 potest,
614 3537 754 3614 quoniam
776 3555 836 3595 non
859 3555 929 3596 raro
952 3541 1113 3611 utrumque
1133 3533 1246 3593 licebit.

114 3635 149 3696 Iu
182 3639 396 3697 assimilatione
428 3639 675 3714 praepositionum
706 3637 739 3696 id
773 3641 945 3696 constanter
977 3637 1077 3708 tenui,
1110 3639 1146 3695 ut
1178 3641 1248 3695 ante

117 3737 206 3799 duras
234 3744 431 3799 consonantes
460 3759 522 3799 non
543 3739 597 3812 ob,
620 3737 673 3798 s'ed
695 3757 734 3815 op
762 3759 920 3816 ponerem;
945 3741 1013 3797 ante
1035 3756 1050 3795 s
1071 3738 1205 3796 litteram
1226 3738 1247 3796 b

115 3843 242 3915 retinui3
264 3842 297 3899 in
319 3842 424 3900 ceteris
446 3842 599 3918 plerisque
627 3845 841 3900 consonantem
862 3861 923 3900 non
945 3838 1122 3912 assimilavi,
1145 3858 1247 3915 quam·
1365 3901 1369 3909 ,

117 3961 205 4019 quam
236 3943 285 4001 hic
318 3942 437 4019 quidem
476 3962 597 4017 vereor,
631 3962 669 4000 ne
701 3961 761 4000 non
795 3961 913 4018 semper
944 3941 1019 4000 mihi
1052 3941 1246 4000 constiterim.

117 4043 231 4104 Codicis
258 4045 487 4103 inconstantiam
513 4045 624 4103 retinui
653 4045 684 4102 in
707 4039 751 4103 iis
773 4047 804 4101 et
827 4039 856 4101 ie
877 4043 1057 4115 scribendis,
1081 4047 1117 4102 ut
1139 4047 1170 4100 et
1191 4043 1248 4101 hoc

117 4165 170 4223 pro
192 4145 295 4206 dativo
320 4151 372 4204 ant
393 4146 524 4205 ablativo
547 4151 699 4205 contracto
720 4145 850 4204 inveniri
872 4145 976 4219 possit,
1001 4150 1031 4203 et
1052 4143 1129 4202 illud
1152 4149 1248 4202 metro

67 4231 69 4234 ⁸
118 4249 237 4308 iubente
265 4247 403 4305 contrahi
431 4248 551 4320 debeat3
580 4244 610 4306 ei
637 4252 738 4306 autem
765 4264 820 4322 pro
849 4241 863 4303 ι’
891 4241 988 4317 (verbi
1017 4241 1136 4318 eundi),
1165 4244 1248 4321 quod

118 4350 269 4410 interdum
296 4351 461 4422 invenitur,
490 4368 518 4406 v.
547 4347 587 4408 ed
608 4349 692 4408 Asin.
723 4349 802 4421 482,
835 4366 873 4405 ne
904 4345 1082 4405 fallerentur
1108 4347 1245 4418 lectores,
