2976 5056
579 512 612 567 V·
628 515 774 568 806-891-
1177 519 1241 580 315

100 705 193 779 ,Am
214 708 300 781 Quid
311 704 429 768 testes?
451 706 514 766 AL.
533 707 645 767 Testes.
669 707 739 766 AM.
758 707 837 780 Quid
847 707 1043 778 testicularie;
1056 726 1116 766 uno
1128 711 1174 766 sat
1185 713 1240 766 cst.

96 809 160 868 Nec
184 811 282 871 nobis
303 814 451 889 prasente
473 810 581 886 aliquis
603 812 663 870 nisi
685 830 789 870 servus
810 807 968 868 Africanus

95 912 131 971 In
155 917 285 974 actione
308 913 403 986 adest,
426 914 451 970 si
472 912 552 972 huna
574 913 727 971 absentem
749 911 898 971 invenerit
919 907 1024 989 puer“.

96 1013 173 1085 Quas
206 1036 248 1073 ex
270 1015 369 1074 Nonio
391 1035 422 1093 p.
446 1016 486 1072 76
510 1033 533 1073 s.
557 1035 585 1073 v.
612 1015 764 1088 „Absente
793 1008 897 1072 nobis“
930 1011 1067 1070 conflatis
1089 1013 1190 1072 Plauti
1212 1019 1243 1072 et

94 1115 226 1176 Afranii
260 1118 438 1192 fragmentis
471 1117 653 1193 ineptissime
686 1115 813 1176 conficta
845 1119 923 1173 sunt.
980 1114 1166 1174 Camerarius
1199 1119 1241 1176 sic

95 1223 258 1280 correxit:

99 1321 196 1392 „Am
226 1320 304 1394 Qui?
322 1321 436 1382 testes?
460 1321 521 1380 AL.
540 1321 654 1379 Testes.
678 1320 748 1380 AM.
766 1320 846 1393 Quid
862 1318 1054 1378 testiculare?
1076 1319 1139 1378 AL.
1152 1318 1240 1380 Enim

949 1440 1009 1482 uno
1031 1427 1078 1482 sat
1100 1429 1155 1496 est,

96 1524 163 1583 Nec
190 1527 282 1586 nobis
304 1531 451 1604 prasente
473 1526 583 1604 aliquis
606 1527 663 1585 nisi
687 1543 790 1584 servus
812 1523 898 1584 Sosia
920 1519 1038 1583 alluit“.

95 1626 236 1688 Prorsus
259 1627 405 1688 eiicieuda
426 1647 489 1688 esse
511 1632 570 1688 iam
592 1629 704 1687 Parcus
727 1633 757 1686 et
778 1625 925 1688 Gruterus
948 1625 1097 1685 viderunt.

196 1733 356 1791 alc-20.
391 1730 492 1790 Verba
519 1731 601 1789 uncis
629 1731 744 1788 inclusa
776 1730 879 1807 spuria
907 1747 970 1787 esse
1005 1734 1035 1786 et
1062 1748 1118 1805 pro
1154 1728 1242 1805 teque

96 1833 302 1892 scribendum
324 1853 388 1892 esee
410 1833 439 1892 te
461 1829 514 1910 qui
535 1833 724 1891 Hermaunus
747 1831 905 1904 iudicavit,
935 1851 1022 1909 quem
1049 1850 1115 1888 cum
1138 1829 1241 1888 Fleclr·

100 1936 223 1994 eisenio
250 1941 371 1996 secutus
398 1956 477 2008 sum,
507 1941 538 1994 et
565 1933 637 2012 quia
662 1933 747 2011 ferte
774 1935 870 1992 miuus
899 1940 1002 2010 aptum
1033 1936 1092 2005 est,
1117 1937 1148 1990 et
1170 1935 1242 2008 quia

100 2039 227 2097 numeri
249 2038 326 2097 nulli
347 2043 490 2096 1111-
513 2039 669 2096 eal—22.
694 2037 733 2094 Hi
756 2055 999 2114 quoqueversus
1023 2035 1116 2110 spurii
1139 2033 1241 2092 viden·

103 2144 168 2196 tur.
217 2139 283 2198 Nou
313 2140 411 2199 solum
437 2135 584 2216 Namque
605 2140 723 2197 ratione
745 2144 837 2210 caret,
861 2137 914 2196 sed
936 2138 1091 2196 sententiae
1114 2138 1241 2214 ineptis·

103 2242 192 2302 simae
221 2243 258 2302 ab
286 2242 344 2302 hoc
371 2243 435 2301 loco
464 2243 566 2300 slienae
597 2246 680 2314 sunt,
717 2241 764 2299 vel
797 2243 822 2299 si
854 2260 920 2298 cum
948 2239 1079 2298 Mttllero
1111 2239 1239 2300 scribas:

107 2344 210 2418 „Nam
234 2365 323 2422 quom
350 2345 387 2403 de
414 2345 468 2404 illo
495 2343 647 2404 subditiuo
671 2343 755 2402 Sosia
782 2344 921 2402 mirumst
947 2337 1066 2415 uimis“,
1095 2346 1148 2401 aut
1176 2362 1241 2402 cum

105 2445 231 2506 Mureto
253 2448 322 2506 Ver.
346 2447 415 2505 lect.
438 2446 483 2520 X,
511 2448 547 2505 13
577 2450 608 2527 iu
636 2448 736 2525 priore
765 2465 852 2505 versu
883 2447 1009 2519 „mirum
1038 2449 1084 2502 est
1111 2439 1240 2502 minus“.

105 2548 266 2610 Utrumvis
295 2551 403 2623 facias,
433 2542 521 2609 Certe
543 2552 659 2608 ratione
682 2555 772 2608 caret.
819 2547 911 2606 Codd.
934 2542 1032 2606 nimis
1055 2546 1114 2620 111,
1139 2567 1242 2606 versus

108 2671 200 2710 causa
224 2647 363 2726 „nimist“
389 2650 498 2711 editur.
521 2683 563 2692 -
587 2654 657 2710 823.
681 2651 867 2729 frustratur,
892 2649 927 2708 cl.
952 2650 1031 2708 infra
1053 2651 1124 2708 868.
1148 2649 1241 2709 Most.

113 2755 205 2814 1133.
217 2783 262 2796 -
274 2756 344 2814 826.
365 2749 406 2816 Ul
420 2749 499 2814 milei
512 2751 665 2832 (promunt.
681 2749 775 2828 „mi“)
790 2799 797 2812 .
812 2799 818 2811 .
833 2799 839 2811 .
852 2753 961 2812 nemost
977 2797 982 2810 .
999 2747 1154 2830 ,10111911
1190 2751 1242 2812 So·

110 2855 217 2916 lemnis
246 2855 365 2916 iurandi
393 2857 533 2928 formula,
563 2858 670 2914 omissa
698 2855 824 2932 apodesi
852 2855 939 2914 huius
968 2857 1029 2914 lere
1054 2855 1149 2914 modi:
1181 2857 1244 2930 „ite

111 2960 185 3018 mihi
207 2958 344 3038 Iuppiter
366 2959 517 3036 propitius
539 2953 615 3018 sit!“
663 2958 706 3017 Cf.
730 2958 795 3017 Liv.
818 2957 914 3032 XXII,
941 2961 990 3031 53,
1017 2960 1071 3017 10:
1098 2956 1163 3032 „Ex
1185 2957 1243 3015 mei

113 3063 205 3120 animi
227 3062 387 3134 sententia,
411 3063 519 3138 inquit,
543 3066 578 3120 ut
600 3081 653 3138 ego
677 3081 739 3118 rem
760 3061 911 3140 publicam
928 3082 958 3140 p.
971 3061 1006 3119 R.
1026 3081 1086 3118 non
1109 3060 1243 3120 deseram

113 3183 208 3240 neque
236 3164 330 3222 alium
358 3165 452 3224 civem
475 3163 510 3222 R.
535 3162 671 3222 deserere
694 3167 808 3241 patiar;
832 3165 857 3221 si
880 3164 976 3221 sciens
998 3162 1086 3233 fallo,
1109 3167 1173 3220 tum
1196 3182 1243 3220 me

112 3264 249 3344 Iuppiter
271 3265 306 3326 Ο.
329 3266 371 3324 M.
403 3265 523 3326 domum
556 3265 701 3324 familiam
735 3255 858 3343 icmque
891 3283 985 3323 mecm
1018 3265 1147 3343 pessimo
1181 3264 1243 3322 leto

114 3365 254 3426 afficias“.
290 3367 366 3426 Gell.
379 3367 430 3440 IV,
444 3371 494 3441 20,
510 3371 543 3426 3:
569 3366 629 3442 „Ut
651 3374 685 3426 tu
708 3389 743 3426 ex
767 3369 858 3427 animi
882 3371 927 3426 tui
952 3366 1103 3426 sententia
1120 3385 1244 3424 uxorem

113 3467 234 3530 habes“.
264 3469 361 3528 Plaut.
374 3469 513 3530 Bacchid.
528 3472 598 3528 771.
616 3501 660 3510 -
677 3473 748 3530 889.
773 3471 932 3529 Mulierum
955 3471 986 3528 in
1009 3467 1135 3527 iurando
1153 3468 1243 3526 auda·

114 3575 188 3632 ciem
210 3577 242 3631 ct
263 3574 417 3632 levitatem
440 3593 518 3650 eaepe
540 3579 637 3651 poetae
659 3579 796 3648 tangunt,
821 3577 855 3632 ut
871 3571 969 3630 Tibul.
988 3571 1012 3644 Ι,
1032 3572 1060 3643 4,
1082 3572 1137 3629 21:
1165 3569 1245 3644 „Nec

114 3675 212 3734 iurare
240 3679 330 3746 time;
359 3675 483 3735 Veneris
510 3675 645 3754 periuria
677 3677 759 3733 venti
781 3674 878 3732 Inrita
904 3694 959 3752 per
987 3680 1083 3732 terras
1110 3680 1141 3732 et
1167 3673 1246 3733 freta

113 3777 201 3852 longa
229 3773 360 3835 ferunt“.
415 3777 506 3856 Prop.
530 3776 573 3851 H,
598 3779 653 3851 28,
679 3781 712 3837 6:
746 3779 855 3852 „toties
879 3781 999 3836 sanctos
1021 3797 1081 3836 non
1103 3775 1243 3835 habuisse

115 3877 216 3940 dc0s“.
251 3879 579 3952 Ovid.Am01-.111,3.
600 3879 638 3938 11.
660 3911 704 3920 -
727 3882 799 3940 830.
816 3881 974 3956 proterve,
998 3883 1018 3938 i.
1043 3899 1067 3937 e.
1092 3879 1244 3952 audacter,

115 3983 148 4040 cf.
162 3981 269 4041 Bacch.
284 3983 355 4041 607.
367 4011 411 4022 -
427 3984 498 4042 831.
516 3976 558 4041 In
574 3976 678 4041 uerbis
688 3978 812 4058 probas
829 3983 914 4043 codd.
933 3987 1082 4060 corrupte.
1118 3981 1243 4041 Gruter:

118 4090 168 4157 „tu
195 4085 297 4144 uerbis
324 4076 477 4162 proba's“,
506 4084 628 4144 Taubm.
660 4107 696 4145 ne
724 4106 829 4146 versus
857 4086 1052 4146 claudicaret:
1090 4084 1188 4160 ,Ainl
1212 4090 1245 4144 11

115 4187 213 4246 uerbis
230 4179 382 4265 proba’s“.
417 4186 547 4246 Acidal:
574 4187 635 4262 „Ut
651 4195 681 4248 tc
698 4189 798 4248 uerbis
815 4184 958 4267 probaa“.
993 4189 1055 4248 el:
1083 4187 1143 4262 „Ut
1160 4187 1246 4247 decet

116 4289 262 4364 pudieam.
296 4289 366 4348 AM.
389 4287 470 4348 Ain?
494 4296 528 4350 tu
550 4290 650 4349 uerbis
672 4287 814 4367 probas“.
859 4291 925 4367 Ego
948 4292 1050 4351 malui:
1085 4291 1139 4366 „Id
1165 4312 1245 4351 nunc

118 4392 216 4452 uerbis
237 4387 367 4470 probas“
398 4397 451 4452 aut
477 4392 530 4465 „Id
552 4398 585 4450 tu
608 4393 709 4452 uerbis
731 4389 872 4470 probas“,
896 4395 1089 4455 iureiurando
1112 4395 1244 4467 scilicet;
