2992 5054
278 524 319 582 66
795 515 885 571 Plauti

277 703 480 770 Exiurauisti
501 709 535 769 te
557 705 637 769 mihi
660 705 735 770 dixe
758 726 817 790 per
839 706 948 770 iocum

277 941 346 1009 Nec
367 943 463 1009 nobis
485 949 647 1027 prasente
671 943 756 1010 alius
779 943 954 1030 quisquam

277 1053 348 1117 Nisi
371 1073 495 1117 seruos.

277 1268 349 1334 Nisi
371 1268 434 1334 hoc
456 1269 505 1333 ita
526 1266 684 1333 factumst
705 1269 842 1352 proinde
864 1275 902 1334 ut
924 1269 1048 1334 factum
1070 1289 1143 1335 esse
1165 1277 1305 1350 autumo,

277 1376 352 1442 Non
375 1397 508 1443 causam
530 1375 604 1441 dico
627 1377 706 1460 quin
729 1377 800 1442 iure
822 1376 989 1443 insimules
1012 1375 1133 1468 probri.

484 1615 616 1682 abiendi
638 1635 725 1682 nunc
746 1615 808 1680 tibi
832 1617 933 1681 etiarn
956 1617 1128 1683 occasiost.

749 1831 792 1897 Iu
855 1833 936 1898 iter

277 1939 487 2006 Manifestum
510 1939 598 2004 hunc
621 1940 754 2005 obtorto
776 1854 861 2005 cgllh
884 1946 981 2006 teneo
1003 1939 1108 2006 furem
1130 1939 1244 2024 flagiti.
1337 1949 1393 2002 1045

723 2069 962 2154 Amphitruo

278 2179 381 2246 Immo
404 2201 464 2264 ego
487 2180 583 2260 huno,
605 2178 754 2244 Thebani
777 2179 871 2258 cives,
893 2179 950 2261 qui
972 2178 1060 2244 domi
1082 2201 1217 2244 uxorem
1240 2201 1342 2246 meam

278 2287 488 2372 impudicitia
509 2288 689 2372 impediuit,
713 2293 810 2352 teneo
833 2286 1047 2352 thensaurum
1068 2288 1182 2371 stupri.

330 2601 491 2671 phitryone:
509 2599 654 2654 Laruatus.
673 2597 783 2668 Edepol
797 2599 940 2653 hominem
953 2599 1097 2652 miserum!
1111 2598 1252 2654 medicum
1266 2599 1398 2668 quaeritat.
1462 2647 1463 2660 ,

329 2687 462 2754 Idemque
480 2703 575 2754 supra:
603 2683 685 2751 Quasi
708 2683 871 2739 aduenienti
889 2685 987 2738 morbo
1009 2685 1142 2740 medicati
1164 2685 1257 2740 inuam
1278 2691 1309 2740 tu
1331 2689 1399 2738 certe

329 2777 377 2826 ant
395 2773 518 2826 laruatus
537 2787 566 2824 es
584 2775 632 2824 aut
650 2770 774 2824 cerritus.
802 2769 847 2824 Id.
862 2786 892 2838 p.
909 2771 982 2824 247.-
1000 2770 1150 2840 Adusnira,
1168 2771 1299 2840 incipere
1325 2771 1400 2824 Plau·

329 2863 374 2912 tus
391 2857 607 2926 Amphitryone:
626 2854 732 2922 Quaeso
751 2855 914 2910 aduenienti
931 2857 1042 2912 moribo
1052 2858 1126 2912 iure.

279 2945 346 2998 10119
362 2943 474 2997 Nostius
485 2958 515 3010 p.
535 2944 603 2995 105:
627 2941 764 2994 Exiurare
786 2945 815 2994 ct
833 2941 960 2996 deiurare
978 2943 995 2995 i.
1015 2959 1037 2996 e.
1056 2942 1137 2996 vulda
1160 2943 1265 3008 iurare,
1289 2945 1320 2994 01
1342 2939 1400 2994 des·

328 3045 412 3082 mare.
449 3026 564 3080 Plautus
582 3026 797 3096 Amphitryone:
819 3025 992 3082 Exiuruuisti
1011 3031 1063 3081 etc.
1461 3079 1462 3094 ,

279 3113 345 3166 1040
362 3130 402 3180 aq.
420 3112 532 3166 Nomos
544 3128 574 3180 p.
595 3113 645 3165 76:
666 3111 791 3166 Absents
809 3111 891 3167 uobis
909 3119 938 3166 et
954 3117 1094 3181 praesenta
1116 3113 1198 3167 uobis
1216 3130 1268 3182 pro
1286 3127 1399 3181 pressen-

328 3197 404 3251 tibus
423 3197 505 3252 nobis
523 3201 551 3250 et
569 3197 731 3252 absentibus
750 3198 838 3251 nobis.
875 3197 991 3252 Plautus
1008 3198 1224 3268 Amphitryone:
1248 3197 1306 3253 Nec
1323 3197 1399 3252 nobis

327 3287 467 3352 praesente
486 3282 585 3351 aliquis
603 3283 747 3351 quisquam
767 3283 821 3336 nisi
841 3299 943 3337 seruus.

278 3369 345 3422 1042
363 3385 403 3436 sq.
420 3368 495 3422 Non.
510 3383 540 3436 p.
556 3369 628 3422 23⁷:
646 3369 801 3422 Actumero
819 3373 862 3422 est
880 3369 972 3422 dicere
985 3407 1008 3422 ..
1021 3409 1044 3422 ..
1063 3368 1178 3424 Plautus
1186 3368 1398 3439 Amphitryone:

327 3451 390 3507 Nisi
406 3453 460 3508 hoc
477 3453 520 3507 ita
537 3453 640 3507 factum
664 3457 707 3507 est
727 3453 846 3523 proinde
864 3453 1018 3508 attactum
1036 3471 1096 3510 esso
1113 3461 1242 3522 autumo,
1260 3453 1325 3510 Non
1341 3470 1399 3508 cau·
1460 3475 1461 3512 1

327 3556 387 3593 sam
405 3538 468 3593 dico
486 3555 584 3593 uerum
601 3539 670 3608 quin
687 3540 800 3594 simules
822 3539 925 3608 probri.
1460 3513 1461 3607 l

277 3627 343 3678 1044
359 3624 497 3680 Prsbcsbn.
516 3623 574 3693 XI,
592 3627 645 3694 24,
658 3641 689 3694 p.
710 3627 764 3679 564
781 3625 826 3680 H:
851 3625 967 3680 Plautus
989 3625 1101 3680 abiendi
1123 3624 1197 3682 dixit
1213 3643 1266 3696 pro
1285 3623 1398 3680 abeundi

326 3711 356 3764 in
374 3711 592 3780 Amphitryone:
611 3711 723 3765 abiendi
741 3717 793 3766 etc.
929 3775 931 3778 ¹

277 3798 343 3850 1046
359 3797 472 3850 Nonius
483 3812 514 3865 p.
529 3799 599 3850 453:
618 3795 735 3850 Furtum
749 3798 834 3852 ctiam
847 3813 905 3852 non
919 3795 1014 3852 ablata
1027 3813 1080 3864 res,
1099 3796 1149 3851 sed
1167 3813 1250 3851 omne
1268 3793 1399 3866 quidquid

327 3882 436 3936 occulte
459 3883 579 3951 geritur,
602 3885 771 3937 auctoritate
793 3887 918 3938 vetorum
937 3881 993 3936 dici
1010 3887 1113 3951 potest.
1149 3882 1286 3951 Virgilius
1303 3881 1398 3950 Goorg.

326 3965 382 4034 (IV,
401 3965 470 4033 346).
507 3967 622 4022 Plautus
640 3967 858 4038 Amphitryone:
877 3966 1056 4022 Manifestum
1076 3973 1129 4022 stc.

226 4051 229 4056 ’
276 4053 342 4106 1046
360 4069 399 4119 sq.
417 4052 529 4108 Nonius
542 4068 572 4121 p.
592 4055 662 4108 331.-
679 4053 819 4123 Impedire
913 4051 1069 4120 sordidare,
1088 4053 1125 4108 sd
1142 4053 1276 4124 probrum
1294 4052 1398 4107 ducere.
1458 4065 1459 4098 2

325 4136 441 4191 Plautus
460 4138 677 4208 Amphitryone:
705 4139 794 4192 Immo
817 4155 870 4207 ogo
892 4139 978 4206 hunc,
997 4137 1123 4193 Thebani
1141 4140 1227 4207 circs,
1255 4140 1303 4208 qui
1327 4137 1397 4192 domi

326 4238 441 4277 uxorem
458 4241 549 4277 meam
564 4225 741 4293 impudicitia
753 4223 907 4293 impediuit.
930 4224 984 4278 ⁴101.
995 4240 1025 4293 p.
1042 4228 1110 4279 456:
1128 4223 1300 4279 Tbesaurum
1318 4225 1398 4278 otiam

326 4309 435 4377 copiam
453 4309 582 4379 pessimos
600 4309 641 4363 rei
658 4309 715 4362 dici
733 4325 814 4379 posse
831 4309 946 4364 Plautus
964 4311 1055 4364 voluit
1072 4312 1102 4365 in
1116 4310 1332 4380 Amphitryone:
1351 4308 1399 4376 Qui

326 4392 403 4447 domi
421 4411 536 4448 uxorem
555 4411 645 4448 meam
658 4393 837 4464 Impudicitia
855 4395 1011 4464 impediuit,
1030 4400 1113 4450 teneo
1129 4395 1292 4452 thesaurum
1306 4394 1398 4465 stupri
