2968 5030
565 483 760 540 1-443-468-
1106 507 1110 516 ·
1164 488 1226 552 393

99 675 247 754 Equidem
270 697 337 736 cnm
358 677 487 736 Mullero
516 679 608 738 malui
637 679 743 738 ceteris
771 679 882 738 relictis
910 675 1000 753 rpem
1022 677 1160 737 scribere.
1183 707 1227 718 -··

100 781 272 840 46111111
300 800 366 840 cum
395 782 581 857 imperativis
608 782 731 858 ponitur
758 781 821 840 iere
847 787 882 840 ut
913 775 1049 852 ,modo“,
1073 780 1109 840 cf.
1133 780 1226 840 Marc.

100 883 175 940 491:
203 879 467 958 „sequeresane“.
503 884 578 942 668:
607 881 779 956 ,dasane“.
815 882 986 942 Pera'l‘IO:
1014 880 1225 954 ,cadosane“.

102 987 174 1044 199:
202 984 236 1057 ,Ι
259 982 359 1044 sane“.
388 987 459 1044 item
484 983 555 1044 573.
587 985 653 1045 Ter.
671 985 728 1045 Ad.
749 987 819 1044 587.
842 1015 885 1028 -
908 986 980 1044 462.
1005 979 1062 1058 Sit,
1086 1000 1150 1046 mm
1172 983 1226 1060 sit,

99 1089 116 1144 i.
133 1107 157 1145 e.
180 1093 285 1146 utrum
308 1091 348 1146 sit
371 1107 409 1146 an
431 1107 500 1160 non,
523 1089 641 1146 omissis
664 1087 868 1164 interrogandi
891 1089 1055 1166 particulis,
1081 1087 1226 1148 casticii.

100 1192 151 1248 36:
179 1193 315 1262 ,uiuant
333 1189 464 1262 ualeant,
482 1189 535 1248 ubi
552 1191 620 1263 sint,
640 1189 712 1268 quid
730 1195 829 1266 agant,
849 1192 934 1266 ecqui
949 1191 1113 1264 indigeant,
1130 1209 1228 1267 neque

98 1293 281 1369 participant
310 1311 363 1350 nos
393 1312 490 1369 neque
518 1291 593 1351 etc.“
641 1293 707 1352 Ter.
732 1292 841 1352 Heaut.
867 1294 942 1352 643:
980 1293 1106 1365 „Melius
1133 1295 1227 1371 peina,

98 1398 192 1472 prosit
216 1394 306 1467 obsit,
330 1395 373 1452 nil
394 1394 508 1467 uident,
532 1397 591 1454 nisi
614 1395 696 1472 quod
719 1392 832 1454 lubet“.
878 1394 1001 1454 Factum
1028 1401 1073 1454 est
1095 1396 1173 1454 idem
1197 1400 1229 1454 in

98 1498 219 1573 vulgate
242 1499 295 1555 illa
316 1498 488 1572 rogationis,
501 1498 632 1556 formula
657 1497 782 1570 ,Velitis
799 1495 957 1570 iubeatis“,
981 1497 1056 1556 Gell.
1075 1498 1109 1570 V,
1132 1500 1179 1571 19,
1200 1501 1228 1558 9.

99 1599 155 1659 Cic.
180 1602 212 1658 in
230 1599 331 1658 Pison.
349 1600 399 1672 29,
424 1601 473 1658 72.
498 1597 563 1659 Liv.
582 1599 748 1672 XXXVIII,
774 1601 822 1673 54,
848 1603 876 1658 3.
902 1597 985 1674 (Liv.
998 1597 1095 1672 XXII,
1122 1603 1169 1674 10,
1195 1603 1227 1658 2:

102 1701 219 1774 ,velitis
242 1699 426 1760 iubeatisne“
453 1705 555 1780 potius
577 1722 613 1760 ex
629 1701 676 1760 his
694 1702 766 1760 locis
784 1701 995 1777 corrIgendum
1013 1723 1103 1780 quam
1120 1723 1157 1760 ex
1173 1702 1229 1761 hoo

99 1803 141 1862 illi
151 1801 236 1877 Ioci.)
261 1805 297 1862 In
308 1804 436 1882 simplici
447 1805 683 1879 interrogatione
694 1803 842 1862 indirecta
853 1804 908 1864 hoc
919 1803 984 1864 fieri
996 1810 1086 1880 negat
1096 1805 1229 1881 MadvIg.

99 1904 147 1966 Gr.
166 1905 237 1965 Lat.
258 1908 330 1966 450.
364 1906 503 1983 Vulgaris
525 1912 626 1966 tamen
649 1927 746 1966 sermo
769 1907 875 1966 saltem
898 1909 929 1965 in
952 1907 1115 1984 repetenda
1137 1909 1229 1966 inter·

98 2010 253 2086 rogatione
276 2009 400 2068 alterius
424 2009 526 2068 eadem
548 2008 697 2068 brevitate
720 2029 791 2068 usus
813 2017 867 2083 est,
887 2015 921 2068 ut
939 2009 1006 2068 Ter.
1025 2009 1132 2068 Heaut.
1150 2011 1227 2068 454:
1244 2061 1246 2066 .

102 2111 211 2182 ,Estne
230 2133 265 2170 ea
281 2107 384 2170 intus?
409 2110 468 2169 CH.
492 2110 546 2184 Sit,
564 2109 684 2186 rogas“.
719 2111 795 2170 Eun.
811 2115 887 2172 389:
914 2110 1078 2184 ,Iubesne?
1102 2111 1162 2170 CH.
1181 2111 1229 2170 Ιιι-

98 2213 203 2272 bearn?
229 2213 309 2290 Cogo
332 2219 422 2292 atque
444 2209 591 2292 impero“.
626 2213 665 2273 ib.
686 2216 756 2272 676.
791 2214 906 2274 Hirtius
930 2214 967 2272 ad
985 2214 1116 2274 Ciceron.
1135 2213 1228 2273 Attia.

98 2315 159 2390 XV,
186 2320 214 2390 6,
240 2319 274 2375 2:
302 2316 400 2388 „Rure
425 2317 484 2374 iam
506 2317 655 2390 redierim,
679 2311 856 2393 quaeris“*).
896 2317 996 2374 Etiam
1020 2315 1100 2392 apud
1124 2315 1228 2374 Horat.

99 2417 152 2495 Ep.
171 2418 195 2490 1,
216 2421 244 2492 3,
265 2421 304 2478 30
327 2419 446 2478 Aubert
467 2422 500 2477 in
520 2419 686 2492 „Tidskrift
707 2420 728 2480 f.
752 2417 935 2494 Philologie“
962 2418 1005 2476 IX
1030 2413 1228 2492 (lero-71)

99 2539 126 2596 p.
148 2523 206 2581 175
232 2521 366 2580 codicum
388 2525 492 2580 tuetur
514 2523 707 2600 scripturam:
735 2521 850 2595 „Debes
871 2521 927 2580 hoc
945 2525 1035 2580 etiam
1052 2520 1226 2592 rescribere,

99 2624 137 2682 sit
151 2623 210 2683 tibi
229 2644 316 2696 cura,
341 2623 464 2695 Quanta
487 2627 651 2696 conveniat,
672 2623 856 2704 Mupatius“.
890 2623 981 2702 Apud
999 2623 1104 2683 Gaium
1127 2627 1227 2682 autem

99 2725 146 2798 IV,
171 2728 229 2784 44:
264 2726 441 2803 ,quantun
471 2727 580 2804 aliquis
608 2727 735 2786 libertus
763 2725 821 2786 sit“
852 2729 916 2786 sine
945 2726 1035 2785 dubio
1061 2747 1117 2799 „on
1140 2721 1224 2801 quis“

100 2827 288 2888 scribendum
307 2834 360 2886 est.
391 2829 490 2905 Magis
508 2830 565 2888 huc
581 2833 722 2908 pertinet,
741 2829 822 2906 quod
840 2829 920 2908 apud
932 2829 1048 2888 Livium
1060 2827 1227 2900 XXXVIII,

102 2933 154 3004 43,
180 2934 197 2989 7
222 2936 291 3010 post
316 2931 492 3004 „sciatisne“
518 2934 654 3010 sequitur
680 2933 832 3005 „videritis
856 2978 863 2990 .
884 2977 890 2989 .
910 2977 916 2990 .
940 2932 1145 3008 pugnaveritis
1169 2977 1175 2988 .
1195 2973 1228 2986 ..

101 3035 269 3092 cecideritis
287 3079 293 3092 .
308 3079 336 3092 ..
354 3033 550 3094 retuleritis“.
566 3064 610 3074 -
627 3037 699 3094 463.
722 3031 851 3108 incerte,
874 3037 893 3093 i.
914 3055 938 3092 e.
957 3053 1044 3110 quem
1066 3053 1124 3090 non
1148 3037 1229 3090 certo

101 3138 178 3209 novi,
202 3139 318 3214 ignoto,
342 3143 376 3196 ut
399 3143 445 3196 est
467 3157 494 3196 v.
519 3139 591 3197 490.
636 3137 744 3196 Parum
767 3143 848 3196 recte
870 3135 1063 3195 Studemund.
1087 3137 1118 3192 in
1142 3133 1228 3192 Stud.

101 3237 127 3312 I,
150 3260 180 3317 p.
206 3241 267 3298 215
291 3259 336 3316 sq.
360 3259 426 3298 cum
452 3238 550 3326 „scic“
575 3242 687 3317 iungit,
715 3245 750 3298 ut
782 3241 912 3313 „incerte
935 3236 1013 3297 scio“
1039 3236 1127 3314 Epid.
1152 3239 1229 3309 501;

102 3341 151 3398 alii
173 3349 273 3400 autern
300 3343 430 3412 ,incerto
453 3341 526 3402 hoc“
553 3363 608 3420 pro
632 3343 772 3402 ablativis
795 3344 1012 3418 consequentia
1041 3346 1228 3416 acceperunt,

104 3445 186 3520 quasi
213 3445 374 3519 „quamdiu
397 3445 454 3504 hoc
476 3447 621 3516 incertum
644 3443 726 3518 est“;
749 3445 887 3504 sedtum
911 3443 1067 3504 dicendum
1087 3448 1152 3500 erat
1169 3463 1229 3502 non

106 3545 264 3619 ,nemini“,
289 3547 341 3605 ssd
367 3549 496 3620 ,nemini
518 3555 628 3626 praeter
649 3545 883 3606 Demaencturn“.

186 3651 259 3709 464.
276 3645 435 3726 perduint
455 3651 489 3710 B.
512 3671 590 3710 mon.
619 3671 691 3723 sea,
716 3656 786 3708 cett.
809 3680 853 3690 —
881 3644 982 3710 Uerre
1011 3665 1085 3708 corre
1112 3644 1229 3725 suppli·

104 3747 218 3826 cass&
247 3751 309 3810 heac
337 3752 452 3812 Libano
481 3754 568 3828 dicit,
598 3753 650 3812 sed
683 3759 718 3812 ut
747 3751 911 3812 audiantur
940 3773 958 3812 a
985 3759 1159 3812 mercatore.
1188 3785 1230 3794 —

104 3854 172 3912 465.
200 3847 339 3928 ,Ferrum
363 3857 382 3914 i.
406 3877 431 3916 e.
456 3857 603 3934 superbus
626 3863 684 3930 est,
708 3857 790 3933 quod
812 3858 920 3931 viginti
944 3857 1047 3928 minas,
1071 3875 1136 3932 qnoe
1159 3877 1231 3916 meae

105 3965 179 4030 sunt,
203 3961 267 4037 ipse
292 3959 416 4032 tractat,
439 3961 459 4018 i.
478 3981 502 4018 e.
526 3961 557 4019 in
578 3981 667 4020 manu
684 3958 807 4019 habet“.
830 3958 933 4019 Lamb.
953 3989 993 3998 -
1012 3961 1083 4018 466.
1101 3956 1231 4036 accipi&

105 4058 193 4137 aufer·
215 4063 286 4120 olim
310 4062 508 4122 emendatum.
528 4093 572 4103 -—
591 4065 663 4123 468.
688 4063 802 4122 Libano
824 4063 934 4122 malum
956 4065 1096 4134 minatur,
1121 4064 1177 4120 nisi
1202 4066 1231 4120 iu

108 4175 309 4186 ——n--n——n—

127 4207 155 4274 *)
172 4209 351 4278 Wesenberg.
370 4211 444 4265 mele
463 4209 608 4279 „Rurene“
629 4211 725 4264 edidit.
760 4209 848 4265 Recte
872 4209 946 4263 idem
966 4209 1033 4277 ,ne“
1052 4207 1161 4263 addidit
1178 4209 1230 4280 Ep.

171 4295 206 4349 ad
224 4297 283 4348 stt.
303 4295 354 4363 VI,
373 4299 401 4364 2,
420 4299 449 4351 8:
474 4297 577 4364 „tibine
600 4295 720 4350 nescio“.
758 4295 822 4363 VII,
843 4301 880 4349 11.
900 4299 917 4349 4
941 4295 1008 4364 quid
1032 4296 1162 4348 omissum
1186 4295 1231 4362 sit,

170 4397 280 4450 ignoro.
