2976 5056
231 867 261 924 in
285 865 363 924 benc
384 863 515 924 fabulam
537 863 662 924 alterius
683 869 801 924 tentum
823 864 941 942 generis
963 867 1055 936 extet,
1078 861 1284 936 acrostichon,
1312 883 1377 922 nec

231 967 287 1026 hoe
309 967 376 1026 loco
400 967 430 1026 in
454 964 607 1024 codicibus
629 965 746 1044 legitur,
770 965 823 1026 aad
844 971 914 1044 post
934 965 1101 1044 prologum.
1122 993 1160 1006 -
1188 968 1215 1024 1.
1234 965 1378 1042 arpeaco

232 1070 379 1128 ablativus
395 1069 586 1126 instrumenti
603 1066 641 1126 cd
659 1063 846 1128 auriliacicr
857 1067 1000 1146 pertinet,
1012 1067 1049 1126 cf.
1062 1065 1100 1124 ed
1111 1067 1221 1144 Amph.
1236 1068 1312 1127 290.
1325 1097 1377 1108 -

233 1175 261 1230 l.
285 1165 408 1232 amolo
426 1188 530 1228 remus
552 1189 641 1228 causa
663 1171 735 1230 olim
759 1168 958 1230 amandatum.
976 1199 1019 1210 -
1037 1171 1064 1227 6.
1085 1161 1223 1230 Remea
1239 1167 1307 1228 cod.
1327 1169 1374 1242 B;

232 1273 297 1333 cod.
315 1273 390 1332 Brit.
410 1279 441 1331 et
451 1270 583 1330 Palatini
607 1263 635 1346 d,
661 1274 688 1346 5,
713 1274 731 1330 6
754 1267 889 1346 daiam,
913 1271 995 1348 quod
1013 1270 1087 1330 nihil
1107 1276 1162 1345 ast,
1180 1271 1321 1348 quamvis
1338 1276 1377 1330 at

233 1375 326 1434 aeteri
349 1373 480 1433 aditores
502 1374 655 1434 tenuerint
678 1379 708 1434 et
724 1373 895 1434 Gronovius
918 1371 1015 1447 (Lect.
1034 1373 1166 1433 Plautia.
1183 1393 1215 1452 p.
1234 1369 1287 1448 25)
1315 1372 1374 1432 de·

231 1477 344 1549 iaudat,
368 1477 452 1555 quasi
479 1474 617 1549 „rivalis“
643 1481 698 1550 sit;
722 1475 774 1536 sed
797 1497 850 1536 nec
868 1475 920 1534 ille
938 1475 1035 1534 forma
1051 1481 1104 1536 aut
1121 1475 1194 1534 alibi
1210 1476 1375 1534 invenitur

233 1585 284 1639 aut
299 1579 362 1638 ullo
378 1578 467 1637 modo
484 1577 651 1655 probabilia
668 1583 722 1651 ast,
740 1598 795 1638 nec
808 1578 963 1638 sententias
976 1583 1128 1638 ste-uctma
1143 1577 1371 1637 substantivum

232 1681 373 1741 substitui
395 1682 512 1759 patitur
534 1677 690 1740 deficiente
712 1679 814 1740 verbo.
857 1679 969 1754 Quare,
993 1699 1084 1757 quum
1107 1680 1167 1740 alio
1190 1678 1368 1755 confugien-

234 1783 305 1842 dum
329 1787 422 1854 esset,
447 1783 568 1860 scripsi:
593 1775 675 1842 Ruit
695 1778 779 1844 alius
802 1797 925 1856 amm,
949 1781 1030 1861 quod
1052 1802 1070 1840 a
1090 1787 1152 1841 taen
1175 1781 1255 1840 malo
1272 1783 1371 1859 scrip-

232 1891 298 1944 tore
332 1885 459 1944 forsitan
492 1905 551 1944 non
585 1883 755 1944 abhorreat.
784 1915 827 1926 --
857 1889 885 1945 8.
910 1901 926 1945 e
949 1880 1061 1945 luobus
1088 1879 1180 1962 rapit.
1225 1883 1274 1944 sie
1302 1903 1369 1942 oar·

232 1986 348 2046 tissima
382 1985 589 2046 emendatione
623 1988 682 2046 iam
716 1988 833 2065 antiqui
861 1987 1007 2060 editores,
1037 2005 1127 2063 quum
1156 2005 1193 2046 ex
1221 1991 1371 2065 corrupta

233 2088 390 2148 codioieB
418 2089 567 2166 scriptura
601 2092 632 2148 in
669 2092 775 2149 ceteris
811 2092 873 2150 sine
902 2108 991 2149 sensu
1023 2088 1134 2148 lactum
1167 2092 1248 2148 esset
1284 2089 1369 2161 ,ciue

232 2195 321 2250 trista
344 2187 436 2268 agit“.

703 2547 889 2617 Prologus,

233 2702 337 2778 quiin
360 2700 511 2760 codicibus
534 2703 625 2760 etiam
649 2707 824 2778 argumento
848 2702 1056 2780 anteponitur,
1080 2718 1140 2758 non
1161 2699 1270 2782 fabule
1293 2720 1369 2779 pars

233 2809 356 2862 estnec
380 2803 417 2860 ab
441 2804 505 2879 ipso
526 2801 634 2861 Plauto
657 2805 800 2880 scriptus,
830 2801 882 2862 sed
910 2808 980 2881 post
1007 2807 1135 2862 mortem
1163 2803 1242 2876 eiua,
1270 2823 1368 2880 quum

232 2905 334 2962 fabula
357 2904 533 2978 referretur,
557 2905 747 2984 compositus.
793 2905 863 2980 Nec,
888 2905 939 2982 qui
960 2903 1039 2964 hunc
1060 2907 1246 2982 pronuntiat,
1270 2905 1368 2983 ipsius

232 3011 330 3084 poeta
357 3007 476 3064 nomina
503 3007 651 3085 loquitur,
680 3007 732 3066 sed
760 3027 815 3084 pro
841 3005 1037 3066 histrionibus
1060 3005 1240 3083 domnoque
1263 3007 1367 3084 gregia

233 3115 417 3187 spectatores
450 3108 623 3186 alloquitur.
669 3108 775 3186 Itaque
807 3108 924 3187 prologi
951 3112 1055 3187 partes
1083 3127 1143 3166 non
1170 3113 1206 3166 ut
1233 3107 1266 3166 in
1294 3109 1366 3166 Am·

173 3267 183 3282 ,
232 3210 393 3288 phitryone
419 3231 479 3268 una
501 3231 537 3270 ex
561 3210 668 3270 fabulae
690 3211 826 3288 personis
849 3213 922 3288 agit,
946 3209 999 3270 sed
1019 3208 1126 3269 histrio
1149 3208 1187 3267 ad
1210 3208 1242 3269 id
1264 3210 1367 3288 ipsum

233 3317 373 3385 ornatus,
401 3313 501 3388 qualia
529 3318 575 3371 est
604 3313 635 3370 in
657 3311 780 3390 Hecyrae
808 3313 935 3392 prologo
958 3331 986 3370 v.
1012 3313 1045 3370 2:
1084 3309 1213 3385 ,Orator
1240 3310 1280 3370 ad
1307 3331 1366 3372 uos

231 3416 321 3473 uenio
344 3419 452 3472 ornatu
473 3411 624 3493 prologi“‚
648 3416 680 3472 in
703 3416 811 3474 ceteris
824 3413 1022 3486 Terentiauis,
1040 3433 1077 3470 ex
1093 3412 1241 3472 Plautinis
1262 3419 1367 3472 autem

231 3523 341 3593 praetcr
363 3516 439 3574 banc
461 3516 592 3576 fabulam
614 3517 646 3574 in
669 3515 816 3593 Captivis,
841 3515 958 3590 Casina,
981 3513 1181 3590 Menaechmis,
1204 3513 1364 3590 Pseudolo,

231 3617 368 3690 Poenulo,
392 3617 588 3690 Truculento,
618 3618 653 3677 cf.
678 3638 769 3697 supra
796 3638 825 3695 p.
853 3619 911 3677 162
935 3637 979 3696 sq.
1024 3617 1180 3690 Ceterum,
1208 3617 1261 3694 qui
1284 3617 1366 3676 huno

231 3721 388 3798 prologum
411 3721 547 3798 scripsit,
570 3740 625 3779 nec
647 3720 748 3779 festivi
770 3725 822 3778 aut
844 3718 939 3799 lepidi
967 3718 1080 3795 ingenii
1107 3719 1178 3792 fuit,
1207 3720 1267 3778 nisi
1295 3719 1366 3796 quis

232 3842 299 3881 aum
321 3820 429 3899 Lingio
461 3818 511 3896 (de
538 3821 623 3880 biatu
644 3842 674 3900 p.
699 3819 732 3894 4)
761 3823 792 3880 in
819 3825 886 3901 ipse
914 3821 1073 3880 ieiunitate
1102 3820 1214 3898 leporis
1247 3820 1365 3898 aliquid

232 3924 327 3982 inesse
358 3929 470 3997 censet,
501 3943 555 3982 nec
582 3925 708 4002 propria
734 3923 904 3984 inveniendi
932 3923 1075 3983 facultate
1104 3923 1258 3996 excelluit,
1293 3943 1364 3982 nam

233 4026 304 4084 alios
338 4026 481 4104 prologos
513 4025 664 4084 interdum
692 4026 782 4084 nimis
809 4044 911 4103 pressa
938 4025 1075 4084 imitatus
1103 4029 1162 4098 est,
1191 4029 1227 4083 ut
1253 4024 1285 4082 in
1312 4045 1362 4085 vv.

233 4130 314 4187 4-5
339 4127 467 4200 Poenuli,
496 4128 527 4186 in
558 4129 679 4188 10-11
705 4127 879 4186 Trinummi.
924 4126 1210 4186 Animadvertemnt
1242 4125 1298 4186 hoc
1332 4132 1365 4186 ct

232 4230 284 4288 alii
307 4235 337 4288 et
354 4228 487 4308 Geppert
508 4231 539 4287 in
567 4229 667 4302 ,Neue
683 4227 870 4288 lahrbficher
891 4229 940 4287 fur
955 4228 1125 4305 Philologie
1146 4227 1221 4288 xlx
1236 4227 1363 4308 Supple-

231 4329 361 4390 mentb.“
390 4333 480 4405 1853,
504 4331 556 4390 ubi
578 4336 676 4389 totum
698 4330 857 4409 prologum
880 4330 1046 4392 accuratius
1067 4333 1220 4392 bactevit
