2960 5038
573 512 605 565 V.
623 514 715 566 6—17.
1145 519 1206 578 235

157 707 210 764 17.
240 702 355 781 qucirn
378 702 469 765 iussa
490 703 750 782 accinctorum
773 702 809 765 ob
834 722 901 765 rem
927 703 1077 766 merim.
1122 707 1206 785 Seps

64 827 82 864 a
104 809 321 880 grammaticis
345 809 580 867 animadversum
604 815 662 882 est,
685 811 937 884 interrogationes
965 809 1101 886 obliquas
1127 810 1207 887 apud

63 909 185 983 priscos
211 912 378 986 scriptores
390 910 516 969 Latinos
532 917 593 969 tam
610 911 773 970 indicativo
796 931 884 988 quam
908 913 1096 970 coniunctivo
1118 913 1208 971 ruodo

63 1012 146 1086 poni.
186 1012 260 1083 Qua
281 1014 313 1069 in
336 1033 368 1070 rs
392 1033 484 1089 quum
507 1016 570 1071 sin-s
593 1014 658 1087 legs
679 1015 791 1071 variari
808 1033 914 1090 parum
933 1015 996 1072 veri
1014 1014 1109 1072 simile
1125 1015 1207 1073 vide·

64 1116 168 1185 retur,
203 1134 305 1192 nuper
331 1117 390 1173 viri
417 1115 500 1174 docti
525 1115 701 1174 certioribus
724 1116 840 1190 legibus
863 1116 1017 1175 modorum
1039 1136 1125 1175 usum
1147 1123 1205 1174 ter-

64 1217 186 1273 minare
214 1219 314 1275 conati
337 1223 416 1288 sunt,
440 1219 568 1276 maxime
590 1216 763 1276 Fuhrmann
785 1220 816 1274 in
842 1217 1046 1290 „Jahrbiicher
1068 1219 1117 1277 flir
1138 1219 1208 1298 Phi·

65 1316 183 1391 lologie
209 1319 271 1392 CV,
293 1340 324 1396 p.
350 1322 411 1378 809
434 1340 499 1398 sqq.
523 1326 554 1379 et
572 1321 607 1378 E.
626 1320 740 1378 Becker
761 1323 793 1378 in
816 1319 1013 1378 Studemundi
1036 1320 1148 1379 Studiis
1171 1321 1208 1379 ad

65 1420 186 1494 priscos
213 1423 379 1499 scriptores
391 1421 515 1480 Latinos
532 1424 555 1494 I,
573 1442 603 1499 p.
625 1425 683 1481 117
702 1442 778 1499 sqq„
801 1421 946 1480 laudabili
964 1429 1090 1500 uterque
1109 1423 1209 1481 studio
1320 1409 1325 1416 ¹

67 1527 97 1578 et
115 1520 299 1596 diligentia3
323 1523 377 1581 sed
400 1529 581 1582 constantem
604 1526 695 1584 fuisse
718 1527 748 1582 in
771 1524 824 1582 hac
841 1544 873 1582 re
885 1523 984 1584 Plauti
1003 1531 1033 1582 et
1050 1525 1208 1602 :equalium

66 1643 156 1680 usum
186 1628 293 1684 neutri
322 1626 452 1702 probare
480 1629 614 1704 contigit.
660 1627 735 1684 Nam
758 1632 793 1683 ut
814 1628 950 1684 omittam
982 1629 1098 1698 „nescio
1121 1623 1205 1704 quis“

70 1730 100 1782 et
123 1728 256 1800 similia,
285 1749 314 1788 v.
339 1730 411 1788 823.
435 1730 513 1800 420,
544 1729 596 1788 ubi
623 1729 747 1787 verbum
777 1749 842 1787 cum
868 1728 1074 1803 interrogandi
1101 1748 1208 1804 prono-

69 1830 150 1886 mine
182 1831 377 1889 coniunctum
405 1850 464 1890 non
486 1836 548 1890 tarn
570 1833 747 1889 sententiam
770 1832 895 1889 alteram
924 1833 1001 1908 regit
1028 1850 1117 1907 quem
1145 1833 1209 1888 cius

71 1949 142 2004 pers
172 1931 226 2004 fit,
256 1932 345 1990 facile
372 1933 554 2009 intelligitur
586 1933 780 1992 indicativum
814 1935 901 2009 poni,
929 1932 981 1991 ubi
1008 1933 1105 1990 laxius
1141 1951 1209 1990 con·

71 2031 188 2091 iunctis
219 2035 365 2111 primaria
393 2040 423 2092 ct
450 2035 624 2094 secundaria
646 2037 801 2093 sententiis
823 2039 923 2112 potius
945 2037 1097 2112 paretaxis
1120 2054 1208 2111 quam

73 2131 237 2208 hypotaxis
255 2135 319 2208 fiat,
340 2142 374 2195 ut
392 2158 420 2196 v.
439 2139 500 2196 848
518 2158 562 2214 sq.
590 2137 656 2210 „dic
677 2138 750 2196 mihi
767 2158 870 2196 verum
888 2139 982 2196 serio:
1005 2135 1116 2214 Ecquis
1134 2137 1209 2194 alius

74 2232 161 2294 Sosia
185 2234 337 2311 intust?“,
362 2240 589 2312 coniunctivum¹
613 2239 665 2298 ubi
688 2243 782 2298 artius
806 2241 1024 2313 coniungantur
1043 2241 1208 2311 sentcntiae,

76 2337 158 2396 velut
182 2341 237 2400 ubi
260 2343 426 2400 subiectum
448 2344 602 2401 sententia
631 2343 813 2401 secundaria
835 2338 867 2400 in
891 2341 1039 2400 obiectum
1059 2343 1210 2419 primarias

77 2445 227 2516 mutetur,
259 2444 296 2502 cf.
320 2444 404 2502 Asin.
432 2445 481 2503 27.
512 2443 618 2504 Bacch.
643 2446 719 2503 550:
757 2444 823 2516 „dic
855 2443 943 2501 modo
976 2444 1125 2504 hominem
1159 2444 1211 2520 qui

80 2539 153 2614 sit“;
178 2565 307 2621 quarum
334 2548 485 2605 rationum
514 2552 612 2605 utram
636 2547 776 2624 praeferat
798 2547 936 2625 scriptor,
959 2547 1134 2624 plerumque
1156 2565 1209 2623 pa·

82 2661 145 2700 mm
167 2648 273 2707 refert.
318 2648 383 2707 Hoc
412 2669 531 2726 quoque
558 2655 638 2708 recte
667 2649 905 2708 animadversum
932 2650 1067 2721 videtur,
1091 2649 1122 2706 in
1144 2668 1209 2706 son·

82 2747 186 2806 tentiis
220 2750 381 2822 eiusmodi,
417 2752 517 2828 quales
545 2757 614 2810 sunt
641 2752 726 2810 Asin.
751 2753 827 2808 875:
865 2752 984 2822 „Audin
1018 2751 1091 2829 quid
1125 2748 1206 2808 ait‘l“

82 2844 159 2906 Men.
186 2853 264 2910 904:
303 2852 423 2924 „Audin
449 2859 495 2925 tu,
524 2859 559 2911 ut
586 2854 781 2912 deliramenta
803 2851 977 2930 loquitur?“
1024 2854 1107 2912 Asin.
1134 2855 1208 2912 148:

85 2950 195 3016 „uiden
222 2959 258 3012 ut
284 2975 322 3012 ne
350 2955 380 3012 id
410 2956 529 3032 quidem
558 2975 604 3013 mc
628 2955 750 3032 dignum
774 2975 837 3014 esse
860 2953 1049 3014 existimat?“
1082 2957 1131 3028 al.‚
1159 2955 1211 3014 ubi

85 3050 280 3129 interrogatio
321 3057 537 3116 adhortationis
570 3059 631 3116 vim
664 3058 787 3130 habeat,
823 3059 1044 3134 antiquissimos
1078 3077 1210 3133 quosque

84 3153 278 3216 indicativum
308 3179 420 3234 ponere
449 3161 558 3232 solere,
581 3161 634 3218 ubi
656 3179 726 3218 vera
747 3161 943 3234 interrogatio
966 3161 1020 3230 sit,
1046 3160 1210 3217 coniuncti-

85 3273 149 3315 vum
179 3261 347 3337 legitimum
376 3281 453 3334 esse,
482 3268 517 3320 ut
539 3262 606 3320 Ter.
629 3261 700 3321 Hcc.
725 3263 780 3320 76:
819 3261 937 3333 „Audin
971 3261 1043 3337 quid
1071 3258 1207 3318 dicum?“

83 3355 165 3421 Asin.
191 3363 268 3420 696:
307 3364 387 3434 „scin
409 3369 444 3422 ut
467 3361 611 3422 dicam?“'
649 3363 729 3422 Men.
755 3365 831 3422 299:
871 3363 956 3435 „Non
984 3364 1040 3434 scis
1068 3363 1134 3438 quis
1156 3381 1210 3438 ego

86 3458 175 3519 εἱιιιῖα
224 3463 313 3524 Most.
340 3467 394 3524 55:
433 3467 508 3538 „Qui
531 3467 602 3538 scis,
627 3487 665 3524 an
687 3466 744 3524 tibi
766 3467 844 3524 istuc
873 3468 992 3524 eueniat
1013 3466 1097 3542 prius
1120 3484 1210 3540 quarn

85 3563 194 3624 mihi?“
242 3545 300 3626 Sed
322 3569 412 3626 etiam
435 3569 515 3626 Men.
540 3569 618 3626 204:
657 3567 744 3640 „Scin
766 3565 971 3644 quidu010?“
1018 3565 1137 3624 Etenim
1158 3564 1211 3623 ubi

87 3669 229 3727 sentiendi
263 3669 352 3728 alicui
386 3669 477 3728 serbo
510 3673 695 3729 enuntiatum
730 3671 767 3728 eb
800 3670 1035 3745 interrogatione
1064 3669 1210 3745 incipiens

86 3785 141 3840 pro
169 3771 288 3830 obiecto
317 3771 504 3850 adiungitur,
539 3793 600 3832 non
632 3793 701 3831 raro
734 3772 913 3831 indicativus
940 3772 1064 3848 ponitur
1091 3771 1148 3841 ita,
1177 3774 1211 3828 ut

89 3869 159 3930 nihil
181 3875 300 3932 omnino
324 3875 443 3933 differat
465 3897 483 3934 a
505 3878 703 3936 coniunctivo.
737 3874 798 3932 Nec
820 3873 915 3931 solum
938 3873 1048 3930 dicitur
1067 3872 1134 3930 Aul.
1153 3874 1209 3930 47:

93 3971 195 4048 „vida
224 3981 259 4033 ut
288 3975 433 4036 inceditl“
464 3984 495 4036 et
523 3980 648 4050 similia,
678 3995 743 4055 quoe
771 3976 898 4034 forsitan
927 3975 1035 4051 uliquis
1063 3974 1101 4032 ad
1122 3995 1210 4052 paru-

90 4075 222 4136 tacticam
255 4081 402 4138 rationem
435 4082 560 4154 referat3
593 4081 646 4138 sed
674 4081 764 4139 etium
791 4078 899 4155 Amph.
924 4079 1000 4136 356:
1039 4075 1132 4149 „Vide
1160 4078 1210 4150 sis,
1273 4117 1275 4123 .

92 4195 173 4251 quarn
205 4201 275 4239 mox
307 4183 451 4260 capulare
483 4181 561 4242 uis“.
607 4181 697 4242 Stich.
722 4183 799 4240 411:
838 4180 962 4252 „Videte
992 4199 1106 4256 quasso,
1138 4179 1211 4256 quid

92 4289 185 4352 potest
213 4283 369 4363 pecunia“.
415 4286 485 4357 Qua
518 4289 543 4344 si
577 4287 795 4362 comparaveris
825 4303 891 4342 curn
919 4282 986 4340 Ter.
1014 4281 1107 4340 Andr.
1132 4283 1209 4339 825:

98 4381 180 4450 „Vide
213 4409 302 4464 quarn
335 4391 453 4465 iniquos
486 4387 555 4446 sis“.
601 4388 698 4446 Plant.
728 4385 819 4444 Mero.
846 4387 921 4444 102:
960 4383 1090 4459 „videte‚
1123 4403 1211 4460 quam
