2956 5018
608 489 744 544 Amris
1179 495 1239 558 125

580 677 774 746 Diabolus

553 785 666 870 Neque
690 807 764 852 cum
786 786 945 871 quiquam
966 786 1032 852 olio
1055 787 1195 871 quidem.

570 917 779 983 Parasitus

136 999 311 1068 Addone?

579 1108 775 1176 Diabolus

326 1216 431 1300 Adde,
454 1222 488 1284 ot
510 1216 637 1283 scribas
659 1217 735 1283 uide
759 1217 857 1302 plane
880 1225 916 1284 et
936 1218 1050 1304 probe.

570 1345 783 1412 Parasitus

139 1453 315 1522 ‘Alienum
335 1453 502 1521 bominem
522 1455 610 1520 intro
632 1455 745 1520 mittat
766 1455 940 1522 neminem.

139 1563 246 1642 Quod
270 1565 330 1629 illa
351 1569 410 1629 aut
431 1565 572 1629 amicum
594 1569 653 1628 aut
674 1569 851 1646 patronum
871 1565 1020 1630 nominet

140 1670 213 1737 Aut
237 1671 332 1758 quod
353 1670 412 1735 ilia
433 1673 558 1737 amicae
579 1691 656 1736 suae
678 1677 860 1736 amatorem
882 1673 1061 1757 praedicet,

140 1777 255 1846 Fores
278 1779 434 1845 occlusae
457 1779 607 1845 omnibus
628 1780 695 1845 sint
715 1779 779 1844 nisi
800 1778 878 1859 tibi;

140 1885 184 1950 In
206 1887 341 1954 foribus
362 1886 489 1952 scribat
509 1893 705 1970 occupatam
727 1907 798 1953 esse
821 1907 867 1952 se.

143 1994 217 2061 Aut
242 1994 333 2080 quod
353 1993 413 2059 illa
435 1995 525 2060 dicat
547 2015 683 2078 peregre
705 1993 852 2060 adlatam
873 1994 1055 2078 epistulam,

143 2101 198 2169 Ne
223 2102 370 2188 epistula
391 2102 526 2186 quidem
546 2101 617 2168 ulla
637 2103 680 2168 sit
700 2102 736 2167 in
758 2101 895 2167 aedibus

144 2211 223 2276 Nec
247 2216 363 2276 cerata
384 2209 468 2276 adeo
490 2209 614 2290 tabula,
638 2210 721 2275 etsi
744 2230 811 2292 qua
831 2209 957 2275 inutilis

146 2317 289 2384 Pictura
311 2318 364 2398 sit,
387 2338 461 2384 eam
481 2317 621 2397 uendat3
644 2318 679 2382 ni
700 2317 735 2382 in
758 2317 942 2401 quadriduo

150 2427 370 2506 Abalienarit,
393 2446 458 2510 quo
481 2447 522 2490 ex
545 2429 717 2508 argentum
739 2425 915 2508 acceperit,

149 2533 242 2601 Tuus
264 2532 446 2600 arbitratus
469 2533 529 2614 sit;
552 2532 725 2613 conburas,
748 2533 776 2598 si
796 2532 890 2612 uelis,

151 2641 204 2708 Ne
225 2643 276 2708 illi
298 2641 343 2708 sit
365 2660 452 2721 cera,
473 2640 531 2706 ubi
552 2639 663 2706 tacere
686 2641 790 2724 possit
811 2639 935 2706 literas.

151 2749 261 2816 Uocat
284 2749 460 2814 conuiuam
481 2749 644 2813 neminem
666 2748 739 2829 illa;
761 2753 799 2813 tu
819 2769 928 2814 uocas.

157 2858 208 2924 Ad
230 2878 345 2923 eorum
366 2877 407 2922 ne
430 2877 528 2941 quem
550 2856 662 2921 oculos
684 2854 809 2920 adiciat
832 2877 923 2936 suos;
975 2853 980 2862 '

156 2964 192 3031 Si
213 2986 313 3049 quem
334 2963 435 3028 ulium
457 2963 597 3047 aspexit,
622 2983 724 3029 caeca
745 2965 901 3029 continuo
924 2965 993 3030 siet.

155 3073 279 3140 Tecum
300 3091 368 3137 una
389 3076 506 3155 postea
528 3091 632 3153 aeque
654 3071 752 3155 pocla
773 3071 903 3153 potitet,

155 3180 223 3246 Abs
243 3179 303 3246 ted
326 3179 477 3262 accipiat,
500 3177 563 3244 tibi
584 3179 746 3262 propinet,
768 3182 807 3242 tu
828 3177 933 3260 bibas,

156 3286 205 3353 Ne
227 3287 288 3351 illa
308 3285 414 3352 minus
437 3291 495 3352 aut
516 3284 591 3369 plus
614 3305 713 3369 quam
734 3290 772 3349 tu
794 3286 922 3369 sapiat)

584 3391 779 3459 Diabolus

937 3479 1026 3546 Satis
1048 3480 1169 3564 placet.

572 3573 784 3653 Parasitus

156 3695 377 3778 ‘Suspiciones
399 3695 503 3760 omnis
525 3693 567 3759 ab
591 3715 627 3760 se
650 3701 808 3778 segreget,

157 3802 272 3886 Neque
293 3801 391 3867 illaec
412 3801 473 3868 ulli
494 3801 578 3885 pede
600 3802 719 3885 pedem
740 3802 865 3867 homini
886 3807 1024 3885 premat,

158 3910 262 3988 Quom
281 3915 403 3992 surgat,
427 3929 534 4004 neque
552 3929 645 3990 quom
660 3911 696 3974 in
711 3909 834 3974 lectum
850 3909 1024 3975 inscendat
1039 3931 1242 3994 proxumum,

157 4018 271 4101 Neque
294 4038 393 4100 quom
415 4015 594 4083 descendat
615 4017 700 4098 inde,
724 4018 781 4083 det
803 4017 981 4101 quoiquam
1002 4039 1144 4086 manum.
1192 4030 1245 4083 770

183 4272 235 4326 '148
251 4269 313 4326 Ade
369 4271 421 4326 '750
437 4271 579 4325 neminem
636 4273 687 4326 751
706 4273 796 4327 amica
814 4275 968 4326 amatorem
1019 4271 1092 4328 Post
1108 4275 1159 4330 '753
1177 4271 1242 4343 cpi-

121 4359 163 4408 tur
176 4370 200 4409 c.
221 4357 278 4409 732
338 4357 389 4409 ’162
406 4354 498 4409 forum
542 4355 644 4410 aditiat
705 4359 757 4413 ’169
774 4373 859 4426 quom
877 4373 927 4414 om.
