2992 5054
92 501 281 570 H,2‚223-8,
292 501 324 553 12
566 503 742 572 Amphitruo.

545 691 764 757 Alcumena

91 799 124 865 Si
146 799 278 882 deliqui,
301 797 393 864 nulla
415 806 554 865 causast.

533 905 772 992 Amphitruo

563 1015 734 1082 Conuenit.
768 1016 826 1098 Tu,
851 1017 953 1100 Sosia,

88 1125 156 1192 Duc
173 1123 233 1192 hos
250 1125 355 1206 intro;
374 1145 434 1206 ego
450 1123 516 1189 huc
532 1124 575 1189 ab
592 1125 671 1190 narii
688 1147 816 1192 mecum
832 1126 993 1192 adducam
1005 1127 1214 1194 Naucratem

471 1263 476 1272 ·
594 1232 709 1298 Sosia

88 1341 179 1406 Nunc
201 1340 337 1426 quidem
359 1347 491 1425 praeter
514 1361 573 1405 nos
594 1346 736 1422 nemost;
760 1341 812 1407 dic
834 1343 913 1408 mihi
935 1365 1048 1409 uerum
1072 1345 1167 1426 sorio,

88 1449 206 1535 Ecquis
230 1449 316 1516 alius
340 1450 435 1516 Sosia
455 1451 568 1528 iniust,
591 1451 647 1532 qui
669 1451 733 1514 moi
754 1451 870 1516 similis
892 1453 978 1517 siet?

546 1553 761 1622 Aldumena

88 1666 168 1732 Abiu
190 1667 270 1733 hinc
293 1687 314 1732 a
336 1687 397 1747 me,
420 1665 536 1748 diguus
559 1665 690 1730 domino
713 1668 849 1732 seruos?

595 1773 710 1839 Sosia

856 1881 957 1962 Abeo,
980 1882 1009 1947 si
1030 1881 1133 1948 iubes.
1164 1861 1223 1945 850*

545 1988 762 2054 Alcumena

86 2101 186 2166 Nimis
210 2104 345 2164 ecastor
365 2096 493 2163 facinus
516 2097 675 2176 mirumst,
698 2097 754 2181 qui
776 2097 824 2161 illi
847 2097 1044 2163 conlabitum
1067 2097 1131 2163 siet

86 2207 156 2272 Meo
179 2209 265 2287 uiro,
289 2183 337 2272 sic
360 2227 412 2275 me
434 2205 623 2271 insimulare
645 2203 729 2270 falso
751 2203 878 2270 facinus
900 2212 967 2270 tam
990 2206 1123 2270 malum.

87 2315 252 2400 Quidquid
275 2322 335 2396 est,
357 2315 424 2379 iam
446 2335 486 2379 ex
505 2312 673 2380 Naucrate
696 2320 837 2396 cognato
858 2313 894 2378 id
915 2333 1108 2396 cognoscam
1131 2335 1213 2380 meo.

545 2699 757 2768 IUPPITER.

127 2858 198 2941 Ego
223 2877 296 2923 sum
317 2855 373 2921 ille
395 2855 602 2940 Amphitruo,
626 2856 703 2938 quoi
726 2862 776 2921 cst
798 2875 910 2920 seruos
933 2855 1035 2936 Sosia,

128 2965 220 3032 idem
243 2965 424 3030 Mercurius
447 2965 503 3047 qui
524 2964 563 3029 fit
585 2963 715 3046 quando
739 2963 986 3044 commodumst,
1163 2965 1216 3020 855

128 3073 166 3138 In
189 3071 360 3156 superiore
383 3073 440 3156 qui
461 3071 575 3137 habito
599 3073 766 3151 cenaculo,

129 3181 193 3260 Qui
214 3180 381 3245 interdum
402 3179 445 3245 fio
464 3179 622 3263 Iuppiter,
645 3179 776 3263 quando
798 3179 899 3244 lubet.

128 3289 203 3354 Huc
226 3296 337 3354 autem
360 3309 459 3372 quom
481 3287 643 3371 extemplo
667 3287 845 3353 aduentum
869 3288 1017 3372 adporto,
1039 3285 1116 3350 ilico

128 3397 324 3482 Amphitruo
347 3395 390 3460 fio
413 3402 448 3461 et
468 3397 625 3461 uestitum
647 3396 774 3461 inmuto
796 3417 913 3461 meum.

128 3505 224 3570 Nunc
245 3504 310 3569 huc
331 3502 466 3568 honoris
488 3504 592 3569 uestri
614 3505 711 3569 uenio
734 3503 850 3586 gratio,
1164 3501 1216 3556 860

129 3613 178 3678 Ne
199 3613 287 3678 hauc
309 3611 497 3677 incohatam
518 3613 698 3696 transigam
721 3612 932 3678 comoediam.

131 3721 233 3787 Simul
256 3721 463 3800 Alcumenae,
486 3741 584 3804 quam
605 3722 657 3786 uir
679 3721 841 3786 insontem
864 3719 976 3804 probri

129 3830 325 3914 Amphitruo
349 3835 494 3910 accusat,
517 3830 593 3894 ueni
615 3835 652 3895 ut
675 3828 833 3895 auxilium
854 3829 974 3910 feram,

130 3937 214 4002 Nam
235 3958 311 4003 mea
334 3938 377 4003 sit
399 3938 506 4021 culpa,
529 3937 617 4020 quod
640 3943 771 4021 egomet
794 3936 1023 4016 contraxerim,

131 4044 165 4110 Si
186 4045 219 4110 id
240 4045 440 4112 Alcumenae
462 4047 630 4112 innocenti
652 4050 796 4130 expetat.
1164 4043 1216 4097 865

156 4303 207 4356 847
224 4301 362 4357 abducam
430 4304 482 4357 849
499 4302 569 4357 meis
637 4302 688 4357 881
707 4301 843 4357 coniitum
912 4301 964 4356 888
982 4316 1038 4370 quo
1106 4301 1156 4354 881
1175 4299 1216 4354 in·

93 4391 199 4441 coctam
266 4389 318 4442 888
336 4387 470 4441 auxillum
