2968 5030
572 499 604 555 v.
622 503 767 558 cce—cm
1037 543 1039 548 .
1170 509 1233 569 413

87 694 203 769 p.,49:
232 693 313 767 ,Iam
330 694 530 754 conticinnum
547 699 637 773 atque
655 698 833 756 matutinum
852 701 942 774 atque
959 695 1122 755 diluculum
1139 717 1234 775 usque

87 795 127 853 ad
152 795 237 856 solis
258 802 359 857 ortum
386 794 547 872 gelidum“.
594 797 704 858 Verum
727 798 877 858 Censorin.
902 798 938 859 D.
962 803 1024 858 nat.
1050 800 1105 857 24:
1140 797 1233 873 ,Inci-

87 899 177 975 piam
209 919 230 957 a
257 899 355 958 media
382 905 470 959 nocte
494 945 500 958 .
520 945 527 958 .
547 944 581 959 ..
616 899 746 978 Tempus
774 900 855 980 quod
882 901 950 960 huic
979 900 1149 978 proximum
1178 909 1232 974 est,

87 1005 227 1060 vocatur
250 1001 287 1060 de
308 1001 407 1061 media
427 1007 529 1075 nocte,
553 1003 689 1080 sequitur
711 1003 909 1079 gallicinium,
940 1023 1005 1062 cum
1033 1003 1105 1081 galli
1128 1023 1234 1062 canere

88 1103 266 1182 incipiunt3
289 1104 358 1164 dein
380 1105 597 1179 conticium,
622 1125 687 1164 cum
706 1107 928 1177 continuanium
951 1110 1023 1164 tunc
1042 1109 1110 1164 ante
1127 1105 1232 1179 lucem,

90 1211 122 1263 ct
149 1206 198 1265 sic
224 1206 397 1280 diluculum,
419 1227 486 1266 cum
509 1207 573 1266 sole
594 1207 726 1266 nondum
749 1213 814 1267 orto
837 1209 895 1266 ianr
917 1204 1026 1274 lncct“.
1061 1209 1151 1286 Apud
1169 1209 1233 1268 Ma·

89 1309 179 1368 orob.
208 1308 272 1368 Sat.
295 1308 324 1382 Ι,
350 1310 367 1368 3
396 1311 428 1368 in
456 1309 546 1368 simili
578 1310 644 1369 loco
683 1307 886 1383 ,contionum“
923 1315 977 1369 est.
1023 1309 1100 1369 Non.
1124 1319 1154 1388 p‘.
1179 1313 1233 1370 62:

95 1410 324 1482 „conticinium
345 1413 442 1471 noctis
459 1413 588 1489 primum
604 1417 731 1490 tempus,
751 1432 809 1488 quo
828 1415 928 1472 omnia
945 1411 1115 1490 quiescendi
1136 1415 1235 1488 gratia

92 1511 339 1578 conticescunt“.
363 1513 451 1575 Unde
468 1533 528 1573 non
546 1515 640 1572 solum
658 1517 786 1573 nominis
804 1516 938 1588 formam,
958 1514 1019 1587 sed,
1038 1515 1234 1592 quodminus

83 1613 273 1690 ,ferendum
302 1618 392 1676 etiam
419 1635 545 1693 pravom
574 1618 792 1677 enarrationem
814 1617 914 1676 Plauti
937 1617 1067 1676 editores
1090 1624 1120 1676 et
1141 1619 1234 1676 inter-

92 1725 205 1794 pretas
236 1718 366 1797 amplexi
393 1723 473 1778 sunt.
497 1749 540 1760 -
564 1722 635 1779 679.
658 1715 763 1780 ista-ccc
790 1719 850 1776 iam
872 1721 904 1777 in
925 1719 950 1777 B
974 1719 1169 1778 emendatum.
1194 1751 1235 1760 -

95 1823 173 1880 680.
198 1817 253 1881 uis
274 1820 303 1881 te
325 1821 409 1880 codd.
445 1821 574 1880 Ritsch.:
603 1818 702 1895 ,tcd“.
732 1821 818 1879 Both.
842 1819 903 1879 Fl:
932 1825 979 1894 „te
1002 1818 1085 1895 uis“;
1107 1821 1232 1880 Mtiller:

98 1925 168 1996 „uis
192 1930 226 1982 te
250 1921 282 1998 [a
299 1921 358 1998 me]
383 1921 451 1982 an“.
468 1954 513 1964 -
531 1926 601 1983 681.
620 1917 803 1996 Eatmrrao,
826 1923 977 1999 proiecto;
1001 1923 1037 1982 ci.
1056 1924 1139 1983 Pers.
1158 1928 1233 1984 350:

99 2026 289 2096 „Enimuero
311 2025 417 2086 odiosa
438 2025 499 2086 es“.
545 2026 652 2086 Pseud.
677 2028 748 2085 983.
773 2057 814 2065 —
838 2026 869 2084 ct
892 2025 925 2084 tu
948 2025 1059 2085 delevit
1080 2025 1168 2086 Both.
1192 2057 1235 2066 —

98 2130 174 2186 682.
199 2127 364 2187 Patronum
385 2129 476 2188 herus
498 2149 616 2188 serrum
639 2129 771 2208 appellat
794 2149 829 2186 ex
851 2149 879 2186 v.
905 2129 981 2202 645,
1005 2149 1095 2205 seque
1118 2149 1234 2188 rursum

96 2230 256 2290 libertum.
279 2261 322 2271 -
341 2228 450 2308 potius
473 2230 606 2291 abundat
627 2237 695 2309 post
719 2231 823 2306 magis,
842 2230 877 2289 ci.
892 2229 963 2288 Gist.
978 2231 1033 2289 43:
1062 2232 1120 2304 ,m
1142 2233 1235 2290 satius

97 2333 205 2392 fuerat
221 2353 285 2392 eam
301 2335 367 2393 uiro
390 2316 462 2393 dare
485 2339 612 2412 nuptum
635 2331 767 2413 potius“.
802 2332 887 2411 Capt.
909 2335 985 2392 680:
1013 2335 1130 2410 „potius
1148 2353 1235 2410 prae·

99 2434 294 2512 optavisse“;
318 2435 388 2496 alibi
415 2437 533 2515 ,potius
551 2433 670 2494 malle“.
690 2467 733 2476 -
754 2437 825 2494 686.
851 2435 936 2494 ictam
954 2434 1041 2493 Both.
1066 2435 1184 2495 addidit
1207 2441 1236 2494 ct

99 2540 257 2598 sententis
279 2544 309 2597 et
330 2558 421 2598 versu
443 2540 623 2617 postulante,
648 2539 682 2597 cf.
704 2540 774 2596 659.
802 2567 839 2576 -
864 2531 1020 2596 anaticula
1043 2533 1098 2610 (sio
1122 2557 1235 2597 correc-

99 2645 168 2699 tum
186 2642 218 2698 in
231 2640 271 2713 B;
294 2643 426 2719 aprima
443 2661 533 2700 manu
554 2639 731 2715 ,aniticula“
753 2635 829 2712 arat)
855 2643 899 2698 est
922 2659 994 2698 anes
1016 2659 1119 2716 parva.
1154 2641 1235 2700 Anas

102 2743 246 2822 obliquos
275 2762 359 2802 casus
381 2763 436 2821 per
457 2741 471 2800 c'
492 2743 617 2818 format,
641 2749 676 2802 ut
702 2739 848 2817 „anitcs“,
879 2740 963 2819 Capt.
989 2743 1065 2814 996;
1094 2743 1147 2801 sed
1174 2743 1236 2802 baec

101 2847 227 2920 vocalis,
252 2845 303 2904 ubi
325 2847 356 2904 in
378 2847 514 2923 proxima
535 2847 653 2922 syllaba
670 2847 796 2904 alterum
821 2842 832 2904 i
855 2846 1001 2923 sequitur,
1026 2849 1057 2904 in
1080 2862 1096 2904 c
1117 2848 1235 2918 transit,

102 2949 139 3005 cf.
163 2947 242 3008 Rud.
269 2951 343 3008 533:
378 2949 517 3021 „fortuna
541 2945 689 3021 anetina“,
720 2949 762 3005 sic
790 2955 823 3005 ut
852 2946 886 3004 fit
915 2951 947 3006 in
969 2967 1048 3006 voco.
1072 2949 1235 3025 genetivus,

101 3051 255 3127 genetrix,
279 3053 434 3126 meretrix,
466 3073 493 3109 v.
517 3051 699 3110 Lachmann.
725 3050 762 3107 ad
786 3049 903 3108 Lucret.
927 3070 956 3125 p.
985 3051 1032 3107 15.
1057 3079 1097 3090 -
1122 3045 1236 3109 colum·

103 3147 193 3228 bam,
222 3153 258 3213 ci.
283 3153 380 3214 Oasin.
408 3157 476 3214 138.
523 3148 665 3214 catellum
692 3153 764 3210 Hor.
790 3151 850 3210 Sat.
875 3152 918 3224 11,
946 3154 978 3223 3,
1005 3155 1080 3210 259:
1120 3151 1236 3226 ,Sumc,

103 3253 244 3314 catellc“.
268 3285 311 3296 -
335 3259 405 3317 687.
429 3250 592 3316 mommio
615 3259 646 3314 in
670 3254 754 3314 codd.
779 3254 890 3329 legitur
919 3254 967 3311 bic
996 3259 1026 3312 ct
1049 3254 1134 3332 Capt.
1160 3257 1236 3328 9953

103 3357 209 3417 eadem
243 3358 364 3417 videtur
397 3363 488 3436 atque
522 3358 696 3430 monedula,
729 3357 813 3416 ovid.
838 3356 910 3414 Met.
935 3355 1007 3428 VII,
1032 3357 1103 3414 468.
1128 3357 1165 3413 al.
1194 3387 1237 3396 --

97 3455 253 3532 pratillum
286 3460 353 3519 edd.
393 3458 568 3537 „pusillum“
607 3467 658 3519 aut
688 3465 827 3518 enarrant
858 3465 908 3516 aut
937 3459 1104 3535 corrigunt,
1134 3477 1237 3516 vorsus

104 3581 194 3622 causa
217 3563 307 3621 simul
327 3568 443 3621 mutato
466 3564 584 3637 ordine,
609 3583 661 3621 nec
684 3583 737 3620 nos
761 3561 866 3620 melius
890 3561 1055 3638 quidquam
1084 3560 1235 3619 habemus.

105 3697 147 3706 -
172 3667 244 3726 688.
267 3681 317 3724 mc
339 3661 493 3740 duplicem
515 3665 561 3724 ed.
585 3685 629 3742 pr.
650 3695 691 3704 —-
712 3658 907 3739 Proscrprns
930 3659 1035 3736 beatio,
1061 3665 1175 3738 anguis,
1200 3664 1236 3722 of.

105 3768 198 3827 Stich.
214 3770 285 3827 720.
321 3769 442 3842 Angues
460 3768 590 3827 bisulcas
609 3768 725 3845 linguas
742 3767 852 3824 habore
870 3771 971 3823 notum
992 3772 1044 3839 est,
1068 3787 1096 3823 v.
1110 3767 1235 3825 Aristot.

107 3871 142 3930 de
166 3870 304 3948 partibus
327 3871 500 3929 animalium
523 3871 561 3943 ΙΙ,
589 3873 635 3928 17.
668 3869 753 3928 Ovid.
778 3869 850 3926 Met.
875 3867 927 3940 IX,
953 3871 1002 3925 65.
1033 3868 1130 3926 Plaut.
1154 3868 1236 3926 Pers.

107 3975 183 4033 300:
223 3973 403 4049 „Tamquam
436 3993 618 4051 proserpens
651 3973 773 4032 bestiast
809 3967 981 4048 bilinguis“.
1032 3970 1113 4030 Poen.
1139 3973 1236 4030 1037:

111 4073 288 4150 ,migdilibs,
312 4075 539 4152 bisulcilinguis,
559 4076 643 4153 quasi
660 4093 838 4152 proserpens
856 4071 983 4133 bestia“.
1019 4073 1126 4132 Servus
1144 4095 1237 4133 mere·

106 4179 225 4256 tricem¹
245 4175 328 4236 iubet
359 4179 438 4237 inter
470 4176 664 4236 osculandum
697 4177 831 4252 linguam
865 4197 930 4235 curn
964 4197 1018 4236 sua
1051 4196 1237 4253 componere,

107 4285 139 4337 ut
162 4281 312 4357 serpentis
333 4279 423 4339 modo
445 4280 518 4339 duas
540 4281 658 4358 linguas
680 4279 805 4352 habeat,
830 4279 865 4337 cf.
889 4278 996 4337 Pseud.
1023 4280 1112 4337 1256.
1147 4279 1236 4356 Apul.

107 4382 179 4440 Met.
204 4381 253 4454 VI,
279 4384 312 4440 8:
346 4387 478 4462 ,septem
502 4384 583 4442 seria
605 4384 707 4442 suavia
731 4387 759 4439 et
784 4401 876 4440 unum
898 4382 1082 4440 blandientis
1111 4381 1238 4458 appulsu
