2960 5038
265 500 327 560 236
739 493 916 564 Amphitruo.

265 689 337 748 mihi
359 687 448 746 ualde
471 685 648 764 placuerit“,
680 687 752 762 qnid
780 689 915 764 intersit„
938 708 1071 766 quaerere
1095 691 1193 748 nimie
1217 689 1412 748 subtilitatis

264 791 393 849 videtur.
427 789 571 848 Similiter
593 795 781 866 comparetur
803 790 870 848 Aul.
894 791 966 849 169:
995 789 1080 862 „Scio
1104 791 1176 868 quid
1200 791 1325 850 dictura
1350 790 1408 849 es*
1469 767 1470 860 ¹

265 914 331 952 cum
353 893 432 951 Men.
452 893 528 950 753:
555 893 633 962 „scio
657 892 729 968 quid
751 893 807 950 siet
829 889 903 964 rei“,
928 894 993 952 alia.
1034 895 1077 952 Ac
1101 914 1138 951 ne
1160 896 1282 952 minima
1305 894 1411 951 relin-
1469 897 1470 986 ¹

265 1001 376 1074 quatur
405 995 569 1066 dubitatio,
604 995 676 1071 quin
708 1000 835 1071 uterque
867 994 972 1052 modus
1004 997 1036 1054 in
1068 996 1116 1054 his
1146 997 1301 1054 sententiis
1337 998 1410 1054 sine
1469 1007 1470 1074 ¹

266 1097 436 1155 discrimine
462 1102 605 1173 ponetur,
634 1095 785 1154 interdum
813 1117 849 1154 ex
871 1097 1018 1176 parallelo
1040 1105 1195 1174 ponuntur
1217 1097 1409 1170 indicativus
1469 1087 1470 1120 ¹

265 1206 296 1257 et
319 1201 524 1258 coniunctivus
552 1197 589 1256 ab
618 1197 721 1257 eodem
749 1199 840 1257 verbo
862 1200 1041 1277 pendentes,
1064 1206 1099 1258 ut
1121 1201 1150 1260 h.
1175 1202 1212 1274 1.,
1242 1202 1279 1258 cf.
1302 1201 1405 1259 Most.

268 1304 343 1361 194:
376 1321 459 1377 „quae
482 1303 536 1358 eim
560 1306 590 1359 et
612 1319 678 1378 quae
700 1301 742 1358 fui
765 1299 865 1360 ante“.
910 1301 950 1360 ib.
975 1305 1051 1362 953:
1086 1303 1170 1375 „Soio
1200 1323 1260 1381 qua
1281 1323 1332 1360 ma
1358 1303 1407 1360 ire
1469 1293 1470 1384 ¹

265 1409 387 1482 oportet
420 1408 451 1460 et
484 1423 543 1480 quo
576 1405 723 1477 uenerim,
758 1405 829 1462 noui
863 1403 989 1462 locum¹⁴.
1036 1405 1106 1464 Cist.
1133 1407 1187 1464 58:
1227 1403 1405 1482 „Eloquere
1469 1433 1470 1484 ¹

265 1512 425 1583 utrumque
448 1505 549 1576 uobis,
579 1504 620 1564 Et
648 1507 720 1582 qnid
747 1507 803 1564 tibi
832 1512 876 1565 est
904 1513 935 1564 et
963 1507 1036 1584 qnid
1062 1508 1137 1566 uelis
1165 1511 1297 1565 nostram
1327 1526 1404 1582 ope·
1469 1485 1470 1574 1

265 1607 361 1668 ram“.
385 1607 478 1666 'Pers
493 1609 569 1666 515:
596 1609 709 1679 „nescis
733 1607 805 1686 quid
826 1613 857 1666 te
880 1611 971 1667 instet
992 1609 1074 1682 boni,
1098 1610 1204 1686 Neque
1227 1629 1315 1685 quam
1341 1609 1403 1666 tibi
1469 1621 1470 1672 1

265 1713 400 1770 Fortuna
426 1710 553 1768 faculam
581 1710 721 1768 lucrifera
749 1711 887 1770 adlucere
915 1707 1009 1770 oolt“.
1055 1712 1126 1783 Quae
1149 1715 1202 1788 qui
1225 1714 1403 1770 coniectura
1469 1679 1470 1746 ¹

265 1833 420 1873 removere
443 1817 578 1885 conatur,
598 1818 633 1871 ut
650 1813 808 1886 Beckerus‚
832 1816 884 1890 qni
905 1814 933 1872 h.
957 1814 977 1872 1.
1001 1813 1092 1871 scribi
1113 1813 1211 1871 iubet:
1239 1817 1288 1886 „et
1304 1833 1399 1888 quam
1469 1817 1470 1888 1

265 1918 303 1975 ob
326 1936 388 1974 rem
410 1915 468 1974 huc
490 1915 597 1973 missus
620 1913 715 1986 sum¹¹,
741 1916 814 1974 mihi
837 1916 957 1992 quidem
986 1917 1064 1974 iusto
1095 1915 1236 1973 audacior
1265 1915 1398 1973 videtur.

355 2020 401 2076 19.
426 2012 512 2077 Iovio
540 2035 595 2094 pro
623 2016 795 2094 pyrrhichio
823 2017 990 2094 legendum.
1012 2049 1056 2058 —
1077 2013 1241 2077 Mercurio
1268 2015 1398 2075 Guietus

266 2141 321 2180 em.
344 2151 387 2161 -
410 2122 459 2178 21.
491 2116 615 2178 tametsi
642 2138 698 2196 pro
731 2124 881 2197 anapesto
914 2121 1085 2198 legendum,
1114 2121 1174 2178 vid.
1203 2139 1233 2196 p.
1257 2121 1327 2178 205.
1352 2150 1399 2158 -
1469 2139 1470 2194 1

263 2238 324 2299 pro
340 2217 611 2298 imperio-dietum
628 2221 778 2298 iungendo
796 2243 859 2280 asse
872 2221 1040 2281 Gronovius
1056 2223 1181 2280 monuit.
1198 2253 1243 2262 —
1260 2200 1309 2280 22.
1327 2219 1397 2298 fao·

268 2326 364 2398 lurco,
384 2345 423 2383 sc.
438 2345 500 2383 vos.
531 2324 703 2384 Subiectum
725 2325 886 2383 accusativi
904 2345 970 2383 cum
991 2325 1138 2383 infinitivo
1157 2325 1276 2382 auditur
1292 2325 1396 2395 etiam,
1469 2335 1470 2392 ξ

266 2427 318 2486 ubi
340 2426 490 2485 diversum
513 2433 558 2485 est
581 2447 598 2484 a
622 2427 755 2485 subiecto
782 2427 866 2484 verbi
895 2429 1040 2503 regentis,
1065 2427 1100 2484 cf.
1125 2427 1204 2484 infra
1227 2427 1296 2485 341.
1321 2428 1395 2484 718,

268 2528 353 2606 Cept.
378 2530 448 2587 267.
480 2528 564 2587 Curc.
586 2531 661 2588 538:
689 2529 750 2601 „Ne
772 2533 802 2586 te
825 2531 865 2586 mi
887 2529 978 2587 facies
1001 2529 1128 2587 ferocem
1152 2533 1204 2587 aut
1226 2528 1396 2604 supplicare
1469 2519 1470 2598 1

270 2628 322 2703 (sc.
345 2650 391 2687 me
414 2627 483 2704 tibi)
512 2628 661 2689 censeas“.
706 2631 798 2689 Most.
823 2632 899 2689 267:
933 2631 1142 2708 „unguendam
1167 2627 1220 2702 (sc.
1242 2625 1301 2700 me)
1326 2647 1395 2686 cen·

97 2731 98 2738 '
196 2801 199 2805 .
268 2731 343 2790 ses“.
389 2733 466 2790 415:
501 2733 612 2805 „dicito
640 2734 788 2792 factumn
817 2729 870 2806 (sc.
895 2729 985 2806 me)“.
1032 2735 1108 2792 740:
1148 2737 1195 2804 „te
1224 2732 1279 2790 hoc
1306 2749 1395 2788 orare
1469 2761 1470 2796 1

267 2836 355 2892 iussit
386 2831 438 2906 (sc.
469 2830 561 2906 mc)¹‘.
606 2835 670 2892 Mil.
695 2836 766 2892 721.
812 2834 892 2894 Poen.
920 2837 1017 2894 1002:
1055 2835 1173 2908 „Audin
1200 2833 1395 2910 polliciterier
1469 2825 1470 2888 l

268 2934 321 3010 (sc.
347 2932 459 3008 eum)“.
504 2935 581 2994 Rue.
608 2938 703 2996 1213:
741 2937 858 3009 „Dicito
887 2938 1026 2996 daturum
1056 2932 1108 3009 (ec.
1138 2933 1197 3010 me)
1227 2953 1320 2992 mecm
1347 2934 1394 2991 illi

267 3038 361 3098 filiani
381 3035 536 3098 uxorem“.
560 3037 652 3097 Stich.
672 3041 742 3098 265.
761 3040 799 3098 ul.
822 3069 866 3080 -
888 3036 1004 3116 quippe
1027 3035 1082 3114 qui
1103 3031 1312 3108 intellexerat,
1332 3036 1393 3094 vid.
1469 3025 1470 3030 ¹

267 3142 346 3200 iufra
369 3143 440 3201 738.
464 3172 506 3181 -
535 3143 584 3200 23,
603 3138 765 3217 procerte,
795 3141 897 3198 multis
925 3141 1078 3218 precibus,
1109 3141 1144 3198 cf.
1168 3139 1228 3198 Cic.
1251 3138 1335 3196 Verr.
1357 3139 1393 3211 V„
1469 3209 1470 3214 ¹

268 3246 317 3316 23,
343 3245 392 3302 59.
416 3244 454 3302 sl.
477 3273 521 3284 ·-
544 3245 593 3302 26.
617 3238 673 3302 ille
695 3238 849 3319 Iuppiter,
874 3243 981 3301 histrio
1004 3243 1084 3302 Iovis
1098 3232 1208 3319 ¹partes
1231 3259 1330 3316 egens.
1362 3241 1393 3299 Is
1469 3229 1470 3296 ¹

267 3347 426 3424 primarius
458 3346 566 3404 histrio
601 3351 691 3422 etque
725 3345 800 3404 adeo
833 3345 971 3404 dominus
1004 3347 1105 3418 gregis
1140 3345 1231 3402 fluisse
1264 3343 1391 3415 videtur,
1469 3357 1470 3368 ¹

268 3449 408 3525 quoniam
432 3449 495 3506 sins
518 3449 647 3506 maxime
676 3447 784 3519 refert,
814 3453 914 3505 utrum
938 3447 1040 3504 fabula
1061 3446 1178 3522 placeat
1199 3467 1237 3504 an
1259 3466 1328 3504 non.
1351 3475 1393 3485 -
1469 3487 1470 3516 ,

269 3553 318 3610 29.
340 3547 517 3627 praetimet.
553 3548 1009 3622 cf.Caesor.B.G.V11‚492
1048 3554 1274 3626 „praemetuens
1302 3547 1389 3606 suis“.

266 3683 310 3694 -·
334 3655 382 3712 30.
408 3667 527 3728 quoque
549 3648 645 3712 etiam
667 3669 744 3728 saepe
755 3649 888 3724 Plautus,
912 3671 939 3710 v.
960 3651 1039 3709 infra
1061 3652 1111 3708 81.
1137 3653 1208 3708 277.
1233 3651 1304 3708 710.
1323 3650 1390 3706 746.

201 3805 202 3810 ,
268 3754 356 3832 Epid.
381 3757 452 3813 231.
481 3753 561 3813 Men.
588 3754 678 3812 1136.
708 3753 789 3811 Pers.
814 3754 885 3812 743.
909 3753 1017 3811 Pseud.
1042 3754 1113 3810 937.
1137 3752 1224 3811 Truc.
1249 3753 1298 3810 98.
1322 3753 1387 3810 862.
1469 3811 1470 3814 ,

268 3856 350 3914 Trin.
378 3857 468 3915 1048.
502 3857 622 3916 Terent.
647 3856 718 3914 Hec.
744 3857 816 3915 734.
846 3857 935 3928 762,
960 3859 1050 3932 atque
1074 3855 1162 3911 etism
1185 3853 1288 3913 Cicero
1310 3853 1387 3911 Verr.

267 3959 321 4030 ΠΙ,
336 3961 385 4029 88,
399 3960 476 4016 206ε
504 3979 587 4035 „qua
609 3959 735 4017 forsitan
759 3959 809 4016 elii
833 3977 953 4035 quoque
976 3960 1066 4014 etiam
1084 3955 1240 4014 feceriut‘'.
1276 3956 1387 4013 Inversa
1469 4029 1470 4036 ¹

269 4061 372 4118 ordine
395 4057 490 4120 etiam
513 4076 633 4137 quoque
654 4062 765 4135 legitur
787 4060 864 4118 infru
888 4060 960 4117 457.
986 4061 1057 4117 695.
1093 4060 1177 4116 Aeiu.
1204 4059 1274 4117 560.
1311 4057 1385 4116 eure.
1469 4053 1470 4136 ¹

272 4164 342 4220 130.
364 4161 457 4220 Most.
484 4163 574 4221 1092.
598 4162 705 4222 Pseud.
733 4165 801 4221 122.
828 4163 898 4221 354.

356 4265 405 4322 32.
428 4280 517 4340 pace.
554 4265 615 4322 Pax
647 4265 842 4341 intelligenda
875 4269 921 4322 est
950 4283 1011 4322 nou
1040 4264 1083 4320 rei
1111 4261 1239 4338 publicae
1268 4281 1285 4319 a
1310 4261 1385 4318 belbe
1469 4257 1470 4260 ’

268 4367 379 4438 libera,
405 4367 485 4443 quod
509 4367 649 4424 censebat
669 4367 914 4424 Windischmaun
939 4361 1030 4438 (Mus.
1054 4364 1186 4423 Rhenau.
1209 4363 1232 4436 Ι,
1256 4383 1286 4438 p.
1311 4359 1384 4436 123),
1469 4409 1470 4456 ,
