2960 5038
592 505 788 562 6666-666.
862 535 866 542 -
1031 539 1034 544 -
1193 515 1256 578 263

98 699 181 756 857:
218 704 392 774 „miserum
415 721 463 760 me
484 701 575 762 habes
596 703 713 762 miseris
737 701 865 761 modis“.
911 703 1001 763 Most.
1029 705 1103 763 157:
1138 705 1256 778 ,Venus

96 801 274 864 venusta“.
312 805 379 865 Mil.
398 806 476 864 954:
503 804 675 884 ,pulchram
697 803 981 882 pulchritudinem“.
1015 807 1099 867 Asin.
1120 809 1191 868 264.
1216 809 1255 870 61.

96 905 212 965 mults.
245 937 300 949 -
327 904 436 968 delam
470 903 522 981 (so.
547 904 682 985 operam)
711 901 846 984 pulchre
876 901 975 981 locat,
1009 909 1072 968 noli
1106 909 1255 986 dubitare,

96 1009 176 1083 quin
201 1009 272 1068 tibi
296 1013 426 1088 gretiam
452 1011 602 1068 relaturus
629 1011 670 1069 sit
689 1013 777 1087 peter
797 1029 890 1069 meus.
915 1037 953 1050 -
977 1009 1119 1072 Errorem
1142 1013 1207 1072 eod.
1231 1014 1255 1073 B

96 1104 158 1171 des
182 1113 293 1170 ceteri
321 1114 488 1186 evitarunt3
516 1109 589 1184 ,(16ιι
615 1112 743 1189 intelligi
765 1116 900 1190 poterat3
925 1131 977 1171 eur
999 1113 1170 1191 imperativi
1190 1116 1256 1176 loeo

96 1215 329 1275 coniunctivae
356 1219 533 1292 poneretur,
563 1215 645 1273 nulla
675 1233 765 1273 conss
788 1219 862 1273 erat.
884 1243 928 1254 —
951 1216 1023 1274 275.
1047 1231 1096 1277 me
1116 1213 1257 1292 elidite&

96 1313 186 1375 huno
212 1319 386 1377 verborum
410 1317 546 1376 ordinem
568 1337 673 1376 versus
695 1315 821 1391 flegitst,
845 1337 879 1375 ao
901 1319 1001 1377 nescio
1023 1339 1061 1377 un
1084 1339 1119 1380 eo
1140 1327 1257 1399 spectet

98 1419 202 1476 etism
242 1438 333 1478 error
361 1418 424 1478 ood.
455 1419 479 1478 B
512 1417 678 1492 ,uedisse“.
709 1449 749 1458 -
779 1419 851 1478 276.
875 1417 960 1479 86616
988 1428 1077 1498 negat
1104 1441 1136 1481 se
1163 1423 1255 1482 ullum

97 1519 230 1581 vidisse
257 1523 421 1599 longiorem
445 1527 571 1581 nortem.
606 1521 702 1582 Unius
726 1522 809 1580 siin
824 1527 955 1581 mentem
973 1525 1064 1598 venit,
1083 1544 1172 1601 quam
1190 1547 1256 1586 oum

99 1621 162 1682 hae
188 1643 376 1704 competere
398 1623 508 1700 possit,
533 1643 593 1701 que
617 1623 793 1683 verberatus
815 1626 934 1701 vesperi
956 1645 1050 1702 usque
1073 1625 1111 1684 ad
1133 1629 1255 1686 matuti-

101 1744 182 1784 num
207 1732 334 1805 tempus
357 1724 395 1783 de
417 1724 504 1784 trabe
529 1745 688 1803 suspensus
717 1725 823 1798 fuerit;
852 1725 905 1784 sed
932 1726 1015 1785 illem
1044 1747 1162 1806 quoque
1190 1730 1256 1788 bre·

104 1829 237 1888 riorem
260 1829 353 1888 fuisse
370 1833 480 1886 censet.
514 1828 589 1887 Post
604 1824 671 1888 aiei
687 1828 799 1902 hiatur,
819 1827 987 1902 of.Proleg.
1005 1848 1035 1905 p.
1050 1831 1111 1888 220
1130 1835 1160 1888 66
1178 1832 1255 1904 224,

102 1927 155 1990 Fl.
171 1927 293 1992 itidem
306 1933 437 2008 scripsit.
450 1961 493 1972 -
501 1932 671 2008 perpetem,
690 1935 875 2009 perpetuam,
895 1931 931 1989 61.
949 1929 1027 1988 infra
1045 1932 1116 1992 725.
1134 1932 1254 1994 Trueul.

108 2033 189 2092 278.
216 2034 327 2093 Paeuv.
340 2054 368 2092 v.
385 2035 460 2091 188:
487 2033 744 2106 „Concorditetem
762 2029 948 2110 perpetem“.
974 2034 1051 2092 208:
1076 2034 1171 2106 ,hano
1187 2055 1255 2114 ope·

107 2153 180 2194 ram
211 2137 286 2196 mihi
314 2135 369 2194 des
397 2133 583 2213 perpetem“.
606 2165 650 2176 —
673 2137 745 2195 278.
769 2137 878 2211 alque,
907 2136 926 2192 i.
950 2156 974 2192 e.
1000 2135 1188 2213 etquidem,
1218 2139 1255 2198 61.

110 2237 206 2298 Asin.
225 2241 299 2298 709.
322 2237 479 2298 1111369.
503 2238 611 2297 Pseud.
631 2239 702 2297 744.
726 2238 834 2298 Bsoob.
855 2238 924 2297 564.
949 2237 1046 2297 Oasin.
1066 2241 1141 2299 692:
1160 2240 1256 2313 .„Ser·

109 2359 171 2400 uos
195 2363 227 2401 es
347 2340 447 2417 Atque
469 2338 582 2399 meus“.
606 2341 673 2399 Ter.
692 2339 769 2400 Eun.
791 2341 861 2399 915.
885 2341 994 2400 Heaul.
1013 2343 1089 2400 768:
1117 2341 1256 2416 „Faciem

112 2439 195 2503 boni
217 2444 275 2504 tibi
298 2443 414 2520 aliquid
435 2462 491 2521 pro
512 2445 572 2502 1666
594 2463 635 2518 re,
659 2463 693 2502 so
715 2440 850 2502 lubens“.
874 2473 918 2484 -
940 2439 1099 2520 adpotum,
1122 2444 1160 2503 of.
1176 2444 1255 2504 Rud.

115 2547 200 2606 566:
229 2548 273 2620 „si
295 2545 390 2624 probe
407 2545 535 2624 adpotus
552 2543 658 2606 siem“.
689 2543 766 2606 Gall.
778 2544 819 2604 VI
832 2541 923 2620 (vn),
938 2549 966 2619 7,
981 2548 1008 2606 7.
1021 2575 1064 2586 -
1076 2549 1148 2606 279.
1166 2541 1257 2609 Mira

114 2651 211 2727 sunl,
234 2651 253 2709 i.
279 2669 304 2708 6.
328 2649 435 2707 mirum
458 2654 519 2721 est,
544 2649 582 2707 os.
605 2649 683 2706 infra
706 2649 779 2706 428.
824 2647 931 2707 Bacch.
956 2650 1028 2708 446.
1072 2649 1158 2727 Gapt.
1184 2652 1255 2710 797.

115 2749 221 2812 Gasin.
248 2753 319 2812 177.
363 2751 448 2810 Trin.
473 2753 544 2811 861.
589 2750 697 2810 Pseud.
724 2752 815 2810 1212.
860 2750 1255 2831 Men.10242,quidsit,

117 2856 199 2914 mira
221 2852 323 2914 sunt“.
367 2852 448 2912 Poen.
473 2855 549 2913 842:
588 2854 714 2927 „Omnis
744 2853 852 2932 edepol
882 2857 957 2912 mira
984 2861 1068 2929 sunt,
1099 2856 1158 2914 nisi
1188 2875 1257 2914 erus

116 2954 202 3017 huno
223 2957 363 3016 heredem
392 2954 496 3016 iseit“.
543 2956 608 3014 Huc
635 2976 754 3034 quoque
781 2959 913 3033 pertinet
934 2957 1052 3016 Terent.
1076 2957 1153 3018 Eun.
1179 2960 1254 3018 288:

124 3063 221 3131 ,mira
253 3079 343 3132 nero,
377 3059 466 3116 militi
496 3061 547 3137 qui
574 3057 728 3136 placeat“;
763 3079 850 3137 quem
883 3060 980 3118 locum
1013 3066 1094 3118 reete
1128 3062 1258 3138 explieat

120 3161 273 3236 Donatus,
299 3161 367 3222 coll.
391 3162 479 3240 Ver'g.
504 3163 572 3221 AEn.
596 3162 624 3234 Ι,
649 3161 725 3219 669;
764 3161 860 3234 „Note
882 3160 969 3220 tibi“.
1014 3161 1058 3220 cf.
1081 3161 1172 3222 Most.
1198 3164 1256 3221 46:

126 3264 292 3344 ,patiunda
313 3261 413 3323 sunt“.
447 3263 551 3350 Neque
575 3264 663 3322 aliter
680 3261 786 3336 (166661,
805 3285 832 3324 6.
845 3263 946 3322 Madv.
959 3263 1082 3340 Syntax.
1094 3263 1187 3323 Graeo.
1204 3267 1218 3323 l
1238 3263 1257 3322 b

124 3375 185 3429 not.
211 3369 240 3426 4.
263 3397 307 3408 --
328 3362 498 3440 inuitauit,
522 3367 559 3424 of.
583 3365 661 3425 Rud.
687 3366 763 3425 362:
801 3366 976 3443 ,Neptunus
1004 3369 1119 3441 magnis
1142 3367 1257 3443 poeulis

124 3468 178 3529 bae
200 3474 288 3528 nocte
311 3487 378 3526 eum
400 3465 575 3527 inuitauit“.
619 3471 695 3528 590:
723 3471 765 3542 ,si
787 3470 917 3528 inuitare
939 3489 993 3528 nos
1015 3470 1169 3547 paulisper
1188 3489 1256 3547 per·

124 3577 225 3648 geret3
248 3569 364 3630 Ibidem
387 3569 666 3631 obdormissemus“.
700 3571 859 3630 Sallustius
882 3571 963 3649 apud
979 3571 1111 3631 Nonium
1126 3591 1157 3649 p.
1178 3573 1254 3632 321:

128 3695 237 3753 ,quum
265 3693 297 3733 se
325 3673 367 3730 ibi
390 3673 455 3732 cibo
477 3675 606 3752 vinoque
628 3675 690 3733 leti
712 3672 907 3734 invitarent“.
954 3673 1074 3734 Sueten.
1098 3676 1174 3752 Aug.
1200 3677 1255 3732 772

128 3781 286 3858 ,quotiens
309 3776 474 3853 largissime
496 3797 528 3835 se
550 3779 708 3850 invitaret,
732 3797 820 3836 senos
843 3781 993 3836 sextantes
1017 3797 1077 3836 non
1100 3774 1256 3836 excessit“.

124 3911 168 3924 -·
196 3882 268 3941 280.
291 3873 374 3954 Ain,
405 3881 467 3940 sive
495 3874 577 3940 Aila
610 3879 740 3938 scribere
774 3881 884 3952 mavis,
920 3878 1099 3956 disyllabum
1132 3884 1193 3953 est,
1228 3885 1258 3939 66

125 3985 245 4063 quidem
275 3984 361 4061 quasi
391 3981 546 4059 duplicata
573 3982 743 4042 semivocali
770 3984 901 4059 priorem
923 3982 1042 4059 longam
1065 3980 1172 4054 habet,
1195 3981 1255 4042 vid.

125 4087 243 4164 Proleg.
261 4106 291 4164 p.
312 4086 382 4144 198.
405 4083 451 4143 Fl.
471 4085 621 4145 inutiliter
640 4085 674 4144 666
692 4084 786 4144 addit.
803 4113 846 4124 —
864 4086 925 4144 283
944 4104 988 4162 sq.
1013 4079 1075 4147 Ubi
1091 4085 1169 4145 eunt
1190 4090 1256 4158 666,

126 4188 353 4250 61.Μ66.128;
376 4187 452 4260 „Ubi
469 4193 539 4246 sunt
555 4193 703 4247 amatores
726 4184 866 4246 meriti?“
891 4187 994 4247 Talem
1016 4192 1133 4247 noctem
1155 4189 1256 4247 veneri

127 4293 312 4370 aptissimum
337 4311 401 4349 esse
424 4290 505 4349 dieii.
540 4289 718 4350 Hominibus
739 4290 886 4350 eiusmodi
906 4290 1026 4350 libidini
1049 4290 1159 4348 deditis
1181 4290 1257 4348 hano

126 4399 242 4454 nortem
269 4389 396 4467 sellam,
425 4395 444 4452 1.
468 4413 492 4452 e.
516 4393 640 4466 bonam,
671 4391 855 4452 commodam
889 4413 953 4452 esse
984 4395 1040 4466 616,
1072 4395 1202 4452 maxime
1231 4392 1257 4450 si
