2976 5056
564 472 596 528 V.
616 473 767 536 ult-389.
1167 479 1229 540 383

88 669 145 728 Ad.
165 671 248 729 590:
275 687 387 742 „unum
410 663 589 746 quidquid“.
607 697 650 708 -
674 669 752 727 325:
770 681 903 727 cursura
924 685 980 744 pro
999 687 1087 726 cursu
1103 668 1230 728 Plautus

90 773 212 856 sapius,
233 790 263 829 v.
281 770 360 830 Non.
377 790 408 848 p.
425 771 494 830 196.
515 800 554 810 -
574 771 646 830 327.
669 765 771 830 maior
793 774 824 827 et
845 765 955 844 minor,
977 773 1065 847 pater
1088 775 1118 828 et
1139 769 1229 843 filius,

90 873 126 931 cf.
148 872 249 932 Merc.
276 874 352 931 111:
385 871 482 946 „Erus
510 877 545 932 ut
573 872 670 931 minor
697 889 791 949 opera
811 875 865 930 tua
886 866 1055 930 seruetur“.
1078 901 1121 912 -
1143 868 1232 950 apud

89 960 207 1050 fortene}
232 995 263 1033 v.
281 974 320 1033 ad
336 973 445 1052 Amph.
465 975 536 1034 593.
570 972 643 1032 Mox
668 968 754 1048 „hic“
779 974 810 1032 in
833 972 898 1031 cod.
917 973 941 1032 B
963 977 1070 1051 postea
1092 967 1229 1033 additum

89 1083 142 1176 pst.
165 1107 212 1118 -
236 1071 309 1137 Iam
337 1073 417 1136 saise
445 1075 495 1136 eet
519 1069 610 1150 nubi,
640 1095 679 1134 sc.
708 1074 882 1148 verborum,
915 1094 975 1134 non
1004 1081 1050 1133 est
1075 1095 1165 1153 opus,
1194 1081 1229 1134 ut

43 1221 49 1232 .
91 1180 179 1256 plura
197 1179 294 1238 dicas.
328 1177 399 1238 Hoec
411 1177 544 1238 Libanus
567 1176 752 1236 iocabundus
775 1177 834 1236 alio
857 1182 987 1254 torquet,
1012 1179 1097 1255 qussi
1120 1178 1231 1236 dixerit

90 1281 246 1341 Leonidas
265 1281 321 1340 sibi
339 1281 413 1340 satis
429 1281 576 1339 bonorum
593 1299 665 1338 esee.
682 1308 727 1318 —
745 1281 816 1338 328.
841 1275 931 1340 diues
954 1281 1089 1338 ultimam
1110 1279 1229 1358 longam

91 1382 478 1462 166666611161166649.
514 1381 632 1456 Proleg.
650 1401 680 1458 p.
701 1383 771 1440 196.
807 1380 866 1440 Vix·
887 1401 962 1458 opus
984 1383 1228 1458 transpositione,

92 1505 151 1562 qua
162 1485 258 1544 Both.
279 1504 330 1560 „es
347 1480 461 1557 diues“,
480 1483 525 1541 Il.
547 1481 649 1557 „diues
665 1473 790 1542 factu's“
811 1482 855 1541 ed.
874 1514 918 1524 -
937 1486 1007 1544 329.
1026 1484 1136 1542 Versus
1152 1484 1229 1562 pede

92 1587 224 1660 brevior,
249 1593 286 1645 ut
303 1586 449 1645 excidisse
467 1585 581 1662 aliquid
598 1587 663 1644 veri
681 1585 777 1642 simile
794 1586 843 1644 sit.
877 1585 1041 1662 Supplendi
1060 1606 1154 1663 opera
1169 1607 1230 1645 uon

94 1689 228 1748 difficilis
252 1693 309 1762 est,
327 1688 379 1746 sed
395 1689 519 1746 incerta.
537 1717 580 1728 -
604 1688 675 1746 330.
698 1686 772 1746 Post
792 1701 912 1750 meeum
934 1687 1032 1746 hiatus
1055 1689 1086 1744 in
1109 1707 1228 1746 casura.

93 1791 205 1851 Miller
232 1787 304 1865 „tu“
330 1789 470 1849 addebat.
492 1820 536 1830 —
558 1782 664 1862 Beue,
687 1789 809 1846 beatum
833 1809 879 1847 me
902 1789 1012 1862 reddis,
1037 1789 1117 1866 quod
1139 1795 1228 1848 taces.

94 1892 253 1952 Obiectum
276 1894 418 1951 omissum
441 1897 496 1964 est,
518 1897 554 1950 ut
577 1889 663 1970 Capt.
691 1892 766 1949 137:
801 1891 906 1965 „Foris
1024 1891 1106 1969 quod
1128 1897 1227 1966 gusto,

94 1995 125 2053 id
145 1991 250 2054 beat“.
296 1994 361 2052 Mil.
386 1995 464 2053 470:
497 1992 611 2068 „Nimis
629 1993 713 2064 beat,
737 1988 856 2067 quod“;
879 1993 1001 2052 additur
1023 1991 1131 2070 Amph.
1156 1994 1228 2051 636.

94 2096 161 2154 Ter.
185 2096 265 2156 Eun.
291 2098 362 2155 279.
386 2125 429 2136 -
454 2097 524 2154 331.
550 2090 656 2154 asinos
672 2090 847 2154 Arcadicos
869 2096 900 2152 iu
916 2093 1032 2152 Graecia
1054 2093 1229 2154 nobilitatos

96 2218 156 2258 esee
178 2203 311 2258 testatur
322 2198 427 2270 Varro,
445 2197 481 2256 R.
500 2197 536 2256 R.
555 2197 592 2270 11,
614 2199 640 2270 l,
663 2199 710 2256 14.
733 2197 810 2255 Plin.
823 2194 861 2255 Η.
873 2196 909 2254 N.
922 2195 1002 2268 VIII,
1021 2197 1071 2268 43,
1091 2197 1227 2265 68,167.

96 2329 136 2338 -
155 2295 297 2375 Pellan,
320 2320 355 2358 ex
373 2299 657 2359 PellaMscedoniae.
692 2297 775 2357 Infra
799 2299 859 2356 394
884 2297 947 2357 cod.
974 2293 1123 2374 „pelleo“,
1147 2297 1229 2375 quod

98 2403 233 2477 quamvis
256 2401 343 2479 parvi
366 2403 509 2460 momenti
531 2402 585 2474 sit,
609 2401 657 2458 hic
680 2405 799 2460 secutus
822 2419 886 2458 sum
909 2405 1035 2477 propter
1062 2405 1228 2476 correptam

98 2505 305 2580 penultimam,
330 2504 365 2562 de
389 2523 450 2580 qua
473 2503 533 2562 vid.
558 2503 674 2577 Proleg.
699 2523 727 2580 p.
754 2505 825 2562 209.
871 2501 934 2560 Hoc
957 2521 1016 2560 non
1039 2499 1137 2559 ferens
1159 2501 1229 2558 Aci·

98 2604 195 2665 dalius
224 2625 354 2682 eumque
382 2609 476 2664 secuti
504 2604 592 2662 Botb.
623 2610 654 2662 et
677 2604 721 2674 Fl.
751 2607 1017 2681 transposuerunt:
1050 2605 1231 2676 „mercatori

100 2707 229 2766 uendere
258 2707 378 2766 Pellaeo
407 2711 541 2764 nostrum
570 2701 761 2772 atriensem“.
789 2736 832 2744 -
862 2706 932 2763 333.
956 2699 1020 2764 Fan
1048 2703 1186 2763 abfuerat
1214 2725 1231 2763 a

100 2807 162 2868 cod.
186 2810 221 2884 B,
246 2809 344 2868 altera
365 2827 470 2866 manue
493 2807 621 2866 addidit.
661 2802 739 2880 Em,
764 2823 852 2885 erqo,
877 2807 912 2865 cf.
936 2806 1016 2865 Poen.
1042 2808 1118 2864 ”1292
1147 2805 1230 2880 „Eun

101 2910 189 2970 istaec
228 2912 300 2970 uolo
336 2929 407 2986 ergo
443 2929 498 2968 uos
533 2911 756 2974 conmemiuisse
791 2904 922 2968 omnia“.
968 2907 1049 2966 iufra
1083 2909 1154 2967 428.
1188 2939 1231 2947 -

104 3013 173 3069 334.
198 3008 314 3090 quiid
335 3012 405 3070 clim
429 3011 629 3070 emendatum.
647 3041 690 3052 -
710 3013 780 3070 335.
806 3005 876 3069 Iam
899 3005 1123 3069 deuorandum.
1157 3009 1232 3068 Tam

102 3114 224 3190 cupidus
246 3115 335 3173 huius
357 3114 433 3172 lucri
457 3119 515 3186 eet,
539 3117 573 3170 ut
596 3112 734 3170 videatur
756 3114 786 3170 in
816 3133 883 3171 eum
912 3113 1057 3188 impetum
1087 3113 1230 3184 facturus,

103 3233 191 3290 quum
212 3218 344 3294 primum
369 3215 571 3291 conspexerit,
595 3219 625 3272 et
647 3214 778 3272 ferarum
801 3213 890 3272 modo
915 3213 1122 3271 devoraturus.
1163 3211 1231 3271 Pee-

103 3317 171 3375 sime
193 3317 348 3378 Acidalius
378 3318 536 3400 obscenum
560 3307 678 3374 sensum
702 3315 822 3374 subesse
846 3313 981 3373 credidit.
1004 3345 1048 3353 -
1073 3315 1143 3372 336.
1170 3309 1234 3373 Sed

104 3417 211 3480 tamen.
255 3419 365 3493 Affert,
390 3419 472 3497 quod
495 3417 551 3476 sibi
574 3416 673 3479 subito
697 3421 728 3476 in
751 3423 880 3475 mentem
902 3417 1000 3488 venit,
1025 3421 1059 3473 ut
1081 3435 1135 3474 noe
1158 3415 1231 3474 dici·

104 3537 164 3578 mus
196 3527 233 3598 „a
259 3517 409 3600 propos“;
438 3522 474 3580 ci.
497 3519 605 3579 Pseud.
633 3521 729 3579 1303:
768 3517 875 3590 „Haud
907 3518 983 3576 male
1013 3537 1125 3576 mones.
1172 3517 1232 3576 Sed

104 3619 149 3679 die
171 3619 302 3684 tamen“.
340 3624 465 3682 Botbius
484 3625 618 3699 ineptam
640 3621 787 3679 librorum
810 3622 989 3696 scripturam
1009 3619 1145 3679 iudicans
1168 3620 1229 3678 ed:

107 3721 170 3793 „lta
192 3729 359 3798 enimuero;
383 3725 436 3784 sed
458 3729 610 3783 temetum.
655 3723 769 3801 Nempe
792 3719 916 3795 etc.“(!)
960 3737 1070 3798 cespis
1092 3721 1232 3780 similiter

26 3883 32 3905 ι
104 3827 222 3898 ponitur
245 3826 354 3886 Pseud.
382 3829 463 3886 1167
487 3832 557 3904 post
581 3825 677 3900 „Quid
701 3819 797 3898 ais?“,
820 3825 899 3884 Men.
922 3827 991 3884 523.
1015 3823 1079 3882 Mil.
1102 3825 1138 3883 16
1163 3831 1233 3902 post

109 3927 276 3997 „memini“.
305 3961 349 3971 —
384 3930 455 3988 337.
485 3926 578 3987 Ludit
610 3929 641 3984 in
676 3927 884 4002 exaggeranda
916 3928 1034 3985 vilitate
1066 3929 1232 4002 asinorum,

108 4029 175 4102 quin
196 4032 306 4109 pedum
329 4049 389 4090 non
411 4029 507 4089 solum
530 4029 658 4107 ungulas
682 4029 779 4087 eundo
802 4028 929 4086 detritas
952 4028 1033 4101 dicit,
1057 4029 1110 4088 scd
1133 4031 1233 4086 omnio

108 4135 255 4206 usquead
278 4135 400 4194 femora.
423 4163 467 4173 -
491 4133 561 4191 336.
585 4125 657 4206 tibi,
681 4133 820 4190 ictuum
844 4150 945 4204 usum,
970 4130 1076 4207 quibus
1098 4135 1133 4189 tu
1155 4131 1232 4206 plec-

108 4217 218 4294 terens.
242 4265 284 4276 -
308 4237 380 4294 339.
403 4234 600 4293 Maledictum
622 4233 754 4292 Libanus
782 4234 890 4290 statim¹
906 4233 1027 4307 regerit.
1073 4227 1155 4290 idem
1176 4251 1232 4308 pro

110 4333 233 4423 ,1161616α
253 4339 415 4398 contractis
434 4336 549 4395 duabus
565 4337 672 4414 prImis
689 4335 814 4410 syllabis
831 4335 999 4410 legendum,
1013 4339 1044 4392 et
1060 4354 1120 4392 una
1137 4332 1233 4392 vocali
