<?xml version="1.0" encoding="UTF-8"?>
<!DOCTYPE html PUBLIC "-//W3C//DTD XHTML 1.0 Transitional//EN"
    "http://www.w3.org/TR/xhtml1/DTD/xhtml1-transitional.dtd">
<html xmlns="http://www.w3.org/1999/xhtml" xml:lang="en" lang="en">
 <head>
  <title>
</title>
<meta http-equiv="Content-Type" content="text/html;charset=utf-8" />
  <meta name='ocr-system' content='tesseract 3.04.00' />
  <meta name='ocr-capabilities' content='ocr_page ocr_carea ocr_par ocr_line ocrx_word'/>
</head>
<body>
  <div class='ocr_page' id='page_1' title='image "./tmacciiplautico02ussigoog_0200.png"; bbox 0 0 2960 5038; ppageno 0'>
   <div class='ocr_carea' id='block_1_1' title="bbox 554 471 1227 544">
    <p class='ocr_par' dir='ltr' id='par_1_1' title="bbox 554 471 1227 544">
     <span class='ocr_line' id='line_1_1' title="bbox 554 471 1227 544; baseline -0.001 -14"><span class='ocrx_word' id='word_1_1' title='bbox 554 471 766 544; x_wconf 75' lang='lat' dir='ltr'>Prolegcmena</span> <span class='ocrx_word' id='word_1_2' title='bbox 1165 481 1227 544; x_wconf 77' lang='lat'>185</span> 
     </span>
    </p>
   </div>
   <div class='ocr_carea' id='block_1_2' title="bbox 92 665 1233 2484">
    <p class='ocr_par' dir='ltr' id='par_1_2' title="bbox 92 665 1233 2484">
     <span class='ocr_line' id='line_1_2' title="bbox 95 665 1227 748; baseline 0.004 -24"><span class='ocrx_word' id='word_1_3' title='bbox 95 669 209 742; x_wconf 85' lang='lat' dir='ltr'>potest,</span> <span class='ocrx_word' id='word_1_4' title='bbox 241 665 326 744; x_wconf 87' lang='lat' dir='ltr'>quod</span> <span class='ocrx_word' id='word_1_5' title='bbox 346 665 449 727; x_wconf 84' lang='lat' dir='ltr'>Latini</span> <span class='ocrx_word' id='word_1_6' title='bbox 475 665 554 726; x_wconf 89' lang='lat' dir='ltr'>huuc</span> <span class='ocrx_word' id='word_1_7' title='bbox 581 687 700 728; x_wconf 82' lang='lat' dir='ltr'>versum</span> <span class='ocrx_word' id='word_1_8' title='bbox 727 667 870 728; x_wconf 88' lang='lat' dir='ltr'>comicum</span> <span class='ocrx_word' id='word_1_9' title='bbox 891 667 1071 746; x_wconf 84' lang='lat' dir='ltr'>quadratum</span> <span class='ocrx_word' id='word_1_10' title='bbox 1093 668 1227 748; x_wconf 85' lang='lat' dir='ltr'>appella·</span> 
     </span>
     <span class='ocr_line' id='line_1_3' title="bbox 94 767 1227 849; baseline 0.004 -24"><span class='ocrx_word' id='word_1_11' title='bbox 94 773 210 842; x_wconf 85' lang='lat' dir='ltr'>verunt,</span> <span class='ocrx_word' id='word_1_12' title='bbox 228 789 259 828; x_wconf 81' lang='lat' dir='ltr'>v.</span> <span class='ocrx_word' id='word_1_13' title='bbox 279 767 377 830; x_wconf 86' lang='lat' dir='ltr'>Rufin.</span> <span class='ocrx_word' id='word_1_14' title='bbox 395 789 427 848; x_wconf 87' lang='lat' dir='ltr'>p.</span> <span class='ocrx_word' id='word_1_15' title='bbox 445 771 528 830; x_wconf 78' lang='lat'><strong>2706</strong></span> <span class='ocrx_word' id='word_1_16' title='bbox 546 789 589 847; x_wconf 89' lang='grc'>00.</span> <span class='ocrx_word' id='word_1_17' title='bbox 623 769 821 849; x_wconf 87' lang='lat' dir='ltr'>Dipodiarum</span> <span class='ocrx_word' id='word_1_18' title='bbox 843 771 947 830; x_wconf 87' lang='lat' dir='ltr'>eadam</span> <span class='ocrx_word' id='word_1_19' title='bbox 968 772 1046 830; x_wconf 88' lang='lat' dir='ltr'>ratio</span> <span class='ocrx_word' id='word_1_20' title='bbox 1068 775 1116 830; x_wconf 88' lang='lat' dir='ltr'>est</span> <span class='ocrx_word' id='word_1_21' title='bbox 1136 777 1227 849; x_wconf 86' lang='lat' dir='ltr'>atque</span> 
     </span>
     <span class='ocr_line' id='line_1_4' title="bbox 93 871 1228 952; baseline 0.003 -23"><span class='ocrx_word' id='word_1_22' title='bbox 93 871 124 929; x_wconf 92' lang='grc'>10</span> <span class='ocrx_word' id='word_1_23' title='bbox 150 873 274 932; x_wconf 85' lang='lat' dir='ltr'>senario</span> <span class='ocrx_word' id='word_1_24' title='bbox 303 871 465 950; x_wconf 82' lang='grc'>00000000</span> <span class='ocrx_word' id='word_1_25' title='bbox 492 871 629 946; x_wconf 85' lang='grc'>11000110;</span> <span class='ocrx_word' id='word_1_26' title='bbox 664 873 717 934; x_wconf 86' lang='lat' dir='ltr'>sed</span> <span class='ocrx_word' id='word_1_27' title='bbox 750 875 823 952; x_wconf 86' lang='lat' dir='ltr'>quia</span> <span class='ocrx_word' id='word_1_28' title='bbox 854 878 926 952; x_wconf 90' lang='lat' dir='ltr'>post</span> <span class='ocrx_word' id='word_1_29' title='bbox 954 877 1095 952; x_wconf 82' lang='lat' dir='ltr'>quartum</span> <span class='ocrx_word' id='word_1_30' title='bbox 1121 873 1228 951; x_wconf 89' lang='lat' dir='ltr'>pedem</span> 
     </span>
     <span class='ocr_line' id='line_1_5' title="bbox 93 970 1227 1055; baseline 0.004 -25"><span class='ocrx_word' id='word_1_31' title='bbox 93 973 226 1050; x_wconf 79' lang='lat' dir='ltr'>legitima</span> <span class='ocrx_word' id='word_1_32' title='bbox 249 974 383 1034; x_wconf 85' lang='lat' dir='ltr'>diaeresis</span> <span class='ocrx_word' id='word_1_33' title='bbox 399 979 453 1047; x_wconf 85' lang='lat' dir='ltr'>est,</span> <span class='ocrx_word' id='word_1_34' title='bbox 469 973 518 1034; x_wconf 92' lang='lat' dir='ltr'>hic</span> <span class='ocrx_word' id='word_1_35' title='bbox 535 970 589 1053; x_wconf 80' lang='lat' dir='ltr'>pes</span> <span class='ocrx_word' id='word_1_36' title='bbox 605 975 783 1055; x_wconf 88' lang='lat' dir='ltr'>plerumque</span> <span class='ocrx_word' id='word_1_37' title='bbox 801 975 919 1054; x_wconf 80' lang='lat' dir='ltr'>integer</span> <span class='ocrx_word' id='word_1_38' title='bbox 935 979 1051 1050; x_wconf 75' lang='lat' dir='ltr'>manet,</span> <span class='ocrx_word' id='word_1_39' title='bbox 1074 977 1227 1054; x_wconf 85' lang='lat' dir='ltr'>septimus,</span> 
     </span>
     <span class='ocr_line' id='line_1_6' title="bbox 93 1076 1227 1154; baseline 0.002 -20"><span class='ocrx_word' id='word_1_40' title='bbox 93 1076 163 1151; x_wconf 90' lang='lat' dir='ltr'>quia</span> <span class='ocrx_word' id='word_1_41' title='bbox 190 1076 343 1136; x_wconf 77' lang='lat' dir='ltr'>catatexin</span> <span class='ocrx_word' id='word_1_42' title='bbox 367 1076 533 1152; x_wconf 74' lang='lat' dir='ltr'>antecedit,</span> <span class='ocrx_word' id='word_1_43' title='bbox 554 1079 673 1154; x_wconf 76' lang='lat' dir='ltr'>integer</span> <span class='ocrx_word' id='word_1_44' title='bbox 695 1097 760 1138; x_wconf 86' lang='lat' dir='ltr'>essa</span> <span class='ocrx_word' id='word_1_45' title='bbox 783 1077 881 1138; x_wconf 90' lang='lat' dir='ltr'>debet.</span> <span class='ocrx_word' id='word_1_46' title='bbox 926 1077 1042 1152; x_wconf 87' lang='lat' dir='ltr'>Latini,</span> <span class='ocrx_word' id='word_1_47' title='bbox 1064 1083 1100 1138; x_wconf 92' lang='lat' dir='ltr'>ut</span> <span class='ocrx_word' id='word_1_48' title='bbox 1121 1078 1227 1152; x_wconf 87' lang='lat' dir='ltr'>solent,</span> 
     </span>
     <span class='ocr_line' id='line_1_7' title="bbox 92 1177 1230 1258; baseline 0.005 -24"><span class='ocrx_word' id='word_1_49' title='bbox 92 1179 123 1236; x_wconf 92' lang='lat' dir='ltr'>iu</span> <span class='ocrx_word' id='word_1_50' title='bbox 150 1178 295 1238; x_wconf 89' lang='lat' dir='ltr'>omuibus</span> <span class='ocrx_word' id='word_1_51' title='bbox 321 1177 395 1238; x_wconf 90' lang='lat' dir='ltr'>locis</span> <span class='ocrx_word' id='word_1_52' title='bbox 421 1179 588 1256; x_wconf 87' lang='lat' dir='ltr'>spondeum</span> <span class='ocrx_word' id='word_1_53' title='bbox 614 1178 732 1254; x_wconf 78' lang='grc'>100001,</span> <span class='ocrx_word' id='word_1_54' title='bbox 767 1185 858 1258; x_wconf 86' lang='lat' dir='ltr'>atque</span> <span class='ocrx_word' id='word_1_55' title='bbox 887 1181 976 1240; x_wconf 89' lang='lat' dir='ltr'>etiam</span> <span class='ocrx_word' id='word_1_56' title='bbox 1006 1180 1104 1240; x_wconf 86' lang='grc'>001010</span> <span class='ocrx_word' id='word_1_57' title='bbox 1133 1180 1230 1240; x_wconf 86' lang='lat' dir='ltr'>altera</span> 
     </span>
     <span class='ocr_line' id='line_1_8' title="bbox 93 1279 1229 1361; baseline 0.003 -24"><span class='ocrx_word' id='word_1_58' title='bbox 93 1279 182 1355; x_wconf 82' lang='lat' dir='ltr'>longa</span> <span class='ocrx_word' id='word_1_59' title='bbox 204 1279 359 1357; x_wconf 74' lang='lat' dir='ltr'>dactylum</span> <span class='ocrx_word' id='word_1_60' title='bbox 381 1285 412 1340; x_wconf 86' lang='lat' dir='ltr'>et</span> <span class='ocrx_word' id='word_1_61' title='bbox 434 1287 635 1359; x_wconf 75' lang='lat' dir='ltr'>anapaestum,</span> <span class='ocrx_word' id='word_1_62' title='bbox 663 1283 721 1342; x_wconf 91' lang='lat' dir='ltr'>nisi</span> <span class='ocrx_word' id='word_1_63' title='bbox 744 1283 825 1360; x_wconf 90' lang='lat' dir='ltr'>quod</span> <span class='ocrx_word' id='word_1_64' title='bbox 852 1283 885 1342; x_wconf 89' lang='lat' dir='ltr'>iu</span> <span class='ocrx_word' id='word_1_65' title='bbox 912 1287 1020 1361; x_wconf 81' lang='lat' dir='ltr'>quarto</span> <span class='ocrx_word' id='word_1_66' title='bbox 1043 1283 1134 1361; x_wconf 92' lang='lat' dir='ltr'>pede,</span> <span class='ocrx_word' id='word_1_67' title='bbox 1158 1287 1229 1342; x_wconf 86' lang='lat' dir='ltr'>aute</span> 
     </span>
     <span class='ocr_line' id='line_1_9' title="bbox 93 1380 1230 1463; baseline 0.001 -22"><span class='ocrx_word' id='word_1_68' title='bbox 93 1380 248 1456; x_wconf 74' lang='grc'>01010010,</span> <span class='ocrx_word' id='word_1_69' title='bbox 288 1383 375 1442; x_wconf 88' lang='grc'>00100</span> <span class='ocrx_word' id='word_1_70' title='bbox 411 1384 562 1462; x_wconf 88' lang='lat' dir='ltr'>probatur</span> <span class='ocrx_word' id='word_1_71' title='bbox 598 1403 687 1444; x_wconf 79' lang='lat' dir='ltr'>verus</span> <span class='ocrx_word' id='word_1_72' title='bbox 724 1385 857 1459; x_wconf 88' lang='lat' dir='ltr'>iambus,</span> <span class='ocrx_word' id='word_1_73' title='bbox 897 1404 1078 1463; x_wconf 89' lang='lat' dir='ltr'>quamquam</span> <span class='ocrx_word' id='word_1_74' title='bbox 1110 1384 1230 1444; x_wconf 83' lang='lat' dir='ltr'>violatae</span> 
     </span>
     <span class='ocr_line' id='line_1_10' title="bbox 93 1483 1230 1562; baseline 0.004 -21"><span class='ocrx_word' id='word_1_75' title='bbox 93 1483 166 1561; x_wconf 79' lang='lat' dir='ltr'>legis</span> <span class='ocrx_word' id='word_1_76' title='bbox 195 1485 338 1562; x_wconf 84' lang='lat' dir='ltr'>exempla</span> <span class='ocrx_word' id='word_1_77' title='bbox 363 1486 558 1546; x_wconf 84' lang='lat' dir='ltr'>inveniuntur</span> <span class='ocrx_word' id='word_1_78' title='bbox 579 1487 763 1548; x_wconf 67' lang='grc'>000010.</span> <span class='ocrx_word' id='word_1_79' title='bbox 789 1489 860 1547; x_wconf 84' lang='grc'>649.</span> <span class='ocrx_word' id='word_1_80' title='bbox 886 1489 957 1547; x_wconf 77' lang='grc'>515.</span> <span class='ocrx_word' id='word_1_81' title='bbox 981 1487 1053 1546; x_wconf 79' lang='grc'>713.</span> <span class='ocrx_word' id='word_1_82' title='bbox 1097 1485 1134 1545; x_wconf 94' lang='lat' dir='ltr'>In</span> <span class='ocrx_word' id='word_1_83' title='bbox 1161 1506 1230 1562; x_wconf 85' lang='lat' dir='ltr'>sep-</span> 
     </span>
     <span class='ocr_line' id='line_1_11' title="bbox 93 1587 1230 1668; baseline 0.003 -23"><span class='ocrx_word' id='word_1_84' title='bbox 93 1587 165 1645; x_wconf 90' lang='lat' dir='ltr'>timo</span> <span class='ocrx_word' id='word_1_85' title='bbox 195 1591 300 1646; x_wconf 87' lang='lat' dir='ltr'>autem</span> <span class='ocrx_word' id='word_1_86' title='bbox 327 1605 387 1646; x_wconf 89' lang='grc'>000</span> <span class='ocrx_word' id='word_1_87' title='bbox 414 1588 510 1646; x_wconf 84' lang='grc'>00100</span> <span class='ocrx_word' id='word_1_88' title='bbox 537 1589 705 1667; x_wconf 76' lang='lat' dir='ltr'>tribrachys</span> <span class='ocrx_word' id='word_1_89' title='bbox 734 1595 766 1649; x_wconf 87' lang='lat' dir='ltr'>et</span> <span class='ocrx_word' id='word_1_90' title='bbox 792 1589 943 1667; x_wconf 87' lang='lat' dir='ltr'>spondeus</span> <span class='ocrx_word' id='word_1_91' title='bbox 975 1609 1037 1648; x_wconf 90' lang='lat' dir='ltr'>uon</span> <span class='ocrx_word' id='word_1_92' title='bbox 1066 1609 1230 1668; x_wconf 88' lang='lat' dir='ltr'>numquam</span> 
     </span>
     <span class='ocr_line' id='line_1_12' title="bbox 94 1683 1230 1768; baseline 0.001 -22"><span class='ocrx_word' id='word_1_93' title='bbox 94 1696 274 1764; x_wconf 87' lang='lat' dir='ltr'>occurrunt,</span> <span class='ocrx_word' id='word_1_94' title='bbox 307 1689 361 1748; x_wconf 90' lang='lat' dir='ltr'>sed</span> <span class='ocrx_word' id='word_1_95' title='bbox 392 1691 501 1768; x_wconf 85' lang='lat' dir='ltr'>saepius</span> <span class='ocrx_word' id='word_1_96' title='bbox 535 1691 626 1750; x_wconf 86' lang='lat' dir='ltr'>etiam</span> <span class='ocrx_word' id='word_1_97' title='bbox 659 1691 809 1768; x_wconf 76' lang='lat' dir='ltr'>dactylus,</span> <span class='ocrx_word' id='word_1_98' title='bbox 842 1691 983 1752; x_wconf 82' lang='grc'>0111010.</span> <span class='ocrx_word' id='word_1_99' title='bbox 1008 1691 1071 1750; x_wconf 89' lang='grc'>404</span> <span class='ocrx_word' id='word_1_100' title='bbox 1104 1683 1230 1768; x_wconf 65' lang='lat' dir='ltr'>,magini</span> 
     </span>
     <span class='ocr_line' id='line_1_13' title="bbox 94 1783 1232 1874; baseline 0.001 -25"><span class='ocrx_word' id='word_1_101' title='bbox 94 1783 235 1870; x_wconf 71' lang='lat' dir='ltr'>facelre“.</span> <span class='ocrx_word' id='word_1_102' title='bbox 281 1793 344 1852; x_wconf 87' lang='grc'>440</span> <span class='ocrx_word' id='word_1_103' title='bbox 367 1783 525 1870; x_wconf 72' lang='grc'>0011001001,</span> <span class='ocrx_word' id='word_1_104' title='bbox 551 1795 611 1852; x_wconf 85' lang='grc'>554</span> <span class='ocrx_word' id='word_1_105' title='bbox 634 1785 771 1873; x_wconf 74' lang='grc'>1011001110</span> <span class='ocrx_word' id='word_1_106' title='bbox 793 1785 910 1874; x_wconf 73' lang='lat' dir='ltr'>merlis,</span> <span class='ocrx_word' id='word_1_107' title='bbox 934 1799 965 1853; x_wconf 87' lang='lat' dir='ltr'>et</span> <span class='ocrx_word' id='word_1_108' title='bbox 988 1797 1172 1871; x_wconf 73' lang='lat' dir='ltr'>anapaestus,</span> <span class='ocrx_word' id='word_1_109' title='bbox 1195 1796 1232 1851; x_wconf 89' lang='lat' dir='ltr'>ut</span> 
     </span>
     <span class='ocr_line' id='line_1_14' title="bbox 94 1885 1231 1976; baseline 0.001 -24"><span class='ocrx_word' id='word_1_110' title='bbox 94 1895 177 1954; x_wconf 81' lang='lat' dir='ltr'>Asin.</span> <span class='ocrx_word' id='word_1_111' title='bbox 201 1896 266 1954; x_wconf 90' lang='grc'>413</span> <span class='ocrx_word' id='word_1_112' title='bbox 293 1895 388 1972; x_wconf 84' lang='lat' dir='ltr'>„perii</span> <span class='ocrx_word' id='word_1_113' title='bbox 410 1885 557 1974; x_wconf 73' lang='lat' dir='ltr'>holspea“.</span> <span class='ocrx_word' id='word_1_114' title='bbox 587 1896 650 1956; x_wconf 80' lang='lat'>420</span> <span class='ocrx_word' id='word_1_115' title='bbox 677 1885 937 1976; x_wconf 73' lang='lat' dir='ltr'>„suplpeditalre“.</span> <span class='ocrx_word' id='word_1_116' title='bbox 971 1892 1231 1970; x_wconf 70' lang='lat' dir='ltr'>(Proceleusmati</span> 
     </span>
     <span class='ocr_line' id='line_1_15' title="bbox 96 1982 1230 2076; baseline 0.001 -22"><span class='ocrx_word' id='word_1_117' title='bbox 96 2015 161 2054; x_wconf 91' lang='lat' dir='ltr'>cum</span> <span class='ocrx_word' id='word_1_118' title='bbox 182 1997 279 2057; x_wconf 83' lang='lat' dir='ltr'>habet</span> <span class='ocrx_word' id='word_1_119' title='bbox 289 1995 409 2056; x_wconf 87' lang='lat' dir='ltr'>Terent.</span> <span class='ocrx_word' id='word_1_120' title='bbox 423 1997 533 2056; x_wconf 87' lang='lat' dir='ltr'>Heaut.</span> <span class='ocrx_word' id='word_1_121' title='bbox 547 1993 634 2072; x_wconf 75' lang='lat'><strong>737).</strong></span> <span class='ocrx_word' id='word_1_122' title='bbox 668 1997 814 2058; x_wconf 76' lang='lat' dir='ltr'>Diaeresin</span> <span class='ocrx_word' id='word_1_123' title='bbox 835 2018 905 2058; x_wconf 90' lang='lat' dir='ltr'>raro</span> <span class='ocrx_word' id='word_1_124' title='bbox 926 1982 1082 2076; x_wconf 75' lang='lat' dir='ltr'>negiigunt</span> <span class='ocrx_word' id='word_1_125' title='bbox 1091 1997 1230 2070; x_wconf 87' lang='lat' dir='ltr'>Romani,</span> 
     </span>
     <span class='ocr_line' id='line_1_16' title="bbox 96 2098 1231 2178; baseline 0.003 -24"><span class='ocrx_word' id='word_1_126' title='bbox 96 2098 205 2174; x_wconf 74' lang='lat' dir='ltr'>supine</span> <span class='ocrx_word' id='word_1_127' title='bbox 227 2103 346 2158; x_wconf 86' lang='lat' dir='ltr'>tantam</span> <span class='ocrx_word' id='word_1_128' title='bbox 369 2100 481 2160; x_wconf 87' lang='lat' dir='ltr'>civim</span> <span class='ocrx_word' id='word_1_129' title='bbox 501 2099 653 2174; x_wconf 85' lang='lat' dir='ltr'>tribuunt,</span> <span class='ocrx_word' id='word_1_130' title='bbox 675 2105 719 2173; x_wconf 90' lang='lat' dir='ltr'>ut,</span> <span class='ocrx_word' id='word_1_131' title='bbox 744 2101 830 2178; x_wconf 88' lang='lat' dir='ltr'>quasi</span> <span class='ocrx_word' id='word_1_132' title='bbox 851 2119 956 2160; x_wconf 83' lang='lat' dir='ltr'>versus</span> <span class='ocrx_word' id='word_1_133' title='bbox 978 2099 1021 2158; x_wconf 91' lang='lat' dir='ltr'>ibi</span> <span class='ocrx_word' id='word_1_134' title='bbox 1042 2101 1231 2172; x_wconf 83' lang='lat' dir='ltr'>terminetur,</span> 
     </span>
     <span class='ocr_line' id='line_1_17' title="bbox 97 2200 1231 2280; baseline 0.003 -23"><span class='ocrx_word' id='word_1_135' title='bbox 97 2204 126 2258; x_wconf 87' lang='grc'>01</span> <span class='ocrx_word' id='word_1_136' title='bbox 156 2200 277 2260; x_wconf 87' lang='lat' dir='ltr'>hiatum</span> <span class='ocrx_word' id='word_1_137' title='bbox 309 2201 409 2262; x_wconf 81' lang='lat' dir='ltr'>ferant</span> <span class='ocrx_word' id='word_1_138' title='bbox 442 2207 472 2262; x_wconf 90' lang='grc'>01</span> <span class='ocrx_word' id='word_1_139' title='bbox 504 2207 669 2262; x_wconf 83' lang='lat' dir='ltr'>extremam</span> <span class='ocrx_word' id='word_1_140' title='bbox 708 2202 854 2279; x_wconf 80' lang='lat' dir='ltr'>syllabam</span> <span class='ocrx_word' id='word_1_141' title='bbox 890 2203 1051 2280; x_wconf 87' lang='lat' dir='ltr'>ancipitem</span> <span class='ocrx_word' id='word_1_142' title='bbox 1088 2201 1231 2274; x_wconf 78' lang='lat' dir='ltr'>habeant,</span> 
     </span>
     <span class='ocr_line' id='line_1_18' title="bbox 97 2302 1233 2382; baseline 0.002 -23"><span class='ocrx_word' id='word_1_143' title='bbox 97 2308 284 2382; x_wconf 81' lang='lat' dir='ltr'>quartaeque</span> <span class='ocrx_word' id='word_1_144' title='bbox 312 2323 365 2380; x_wconf 90' lang='lat' dir='ltr'>pes</span> <span class='ocrx_word' id='word_1_145' title='bbox 394 2323 449 2381; x_wconf 89' lang='lat' dir='ltr'>pro</span> <span class='ocrx_word' id='word_1_146' title='bbox 476 2303 575 2364; x_wconf 86' lang='lat' dir='ltr'>iambo</span> <span class='ocrx_word' id='word_1_147' title='bbox 601 2304 792 2382; x_wconf 83' lang='lat' dir='ltr'>pyrrhichius</span> <span class='ocrx_word' id='word_1_148' title='bbox 820 2325 884 2364; x_wconf 87' lang='lat' dir='ltr'>csse</span> <span class='ocrx_word' id='word_1_149' title='bbox 911 2305 1015 2382; x_wconf 77' lang='lat' dir='ltr'>possit</span> <span class='ocrx_word' id='word_1_150' title='bbox 1060 2302 1117 2362; x_wconf 86' lang='lat' dir='ltr'>Est</span> <span class='ocrx_word' id='word_1_151' title='bbox 1138 2304 1233 2382; x_wconf 72' lang='lat' dir='ltr'>igitur</span> 
     </span>
     <span class='ocr_line' id='line_1_19' title="bbox 96 2405 1153 2484; baseline 0.006 -24"><span class='ocrx_word' id='word_1_152' title='bbox 96 2423 210 2480; x_wconf 82' lang='lat' dir='ltr'>versus,</span> <span class='ocrx_word' id='word_1_153' title='bbox 235 2405 318 2484; x_wconf 89' lang='lat' dir='ltr'>quod</span> <span class='ocrx_word' id='word_1_154' title='bbox 340 2405 452 2480; x_wconf 92' lang='lat' dir='ltr'>dicunt,</span> <span class='ocrx_word' id='word_1_155' title='bbox 477 2406 673 2484; x_wconf 60' lang='grc'>(1000600000</span> <span class='ocrx_word' id='word_1_156' title='bbox 696 2407 757 2466; x_wconf 82' lang='lat' dir='ltr'>rid.</span> <span class='ocrx_word' id='word_1_157' title='bbox 780 2407 863 2466; x_wconf 86' lang='lat' dir='ltr'>Asin.</span> <span class='ocrx_word' id='word_1_158' title='bbox 888 2408 959 2466; x_wconf 77' lang='lat'><strong>627.</strong></span> <span class='ocrx_word' id='word_1_159' title='bbox 985 2408 1056 2466; x_wconf 82' lang='lat'><strong>645.</strong></span> <span class='ocrx_word' id='word_1_160' title='bbox 1082 2406 1153 2466; x_wconf 88' lang='grc'>647.</span> 
     </span>
    </p>
   </div>
   <div class='ocr_carea' id='block_1_3' title="bbox 493 2567 769 2637">
    <p class='ocr_par' dir='ltr' id='par_1_3' title="bbox 493 2567 769 2637">
     <span class='ocr_line' id='line_1_20' title="bbox 493 2567 769 2637; baseline -0.014 1"><span class='ocrx_word' id='word_1_161' title='bbox 493 2567 495 2574; x_wconf 43' lang='lat'><strong><em>⁴</em></strong></span> <span class='ocrx_word' id='word_1_162' title='bbox 572 2576 769 2637; x_wconf 89' lang='lat' dir='ltr'>Octonarii</span> 
     </span>
    </p>
   </div>
   <div class='ocr_carea' id='block_1_4' title="bbox 97 2711 1236 4434">
    <p class='ocr_par' dir='ltr' id='par_1_4' title="bbox 97 2711 1236 4434">
     <span class='ocr_line' id='line_1_21' title="bbox 97 2711 1235 2791; baseline 0.002 -21"><span class='ocrx_word' id='word_1_163' title='bbox 97 2712 220 2772; x_wconf 82' lang='lat' dir='ltr'>iambici</span> <span class='ocrx_word' id='word_1_164' title='bbox 241 2718 272 2772; x_wconf 89' lang='lat' dir='ltr'>et</span> <span class='ocrx_word' id='word_1_165' title='bbox 293 2712 446 2788; x_wconf 84' lang='lat' dir='ltr'>trochaici,</span> <span class='ocrx_word' id='word_1_166' title='bbox 470 2735 493 2774; x_wconf 91' lang='lat' dir='ltr'>s.</span> <span class='ocrx_word' id='word_1_167' title='bbox 511 2714 681 2774; x_wconf 85' lang='lat' dir='ltr'>tetrametri</span> <span class='ocrx_word' id='word_1_168' title='bbox 703 2713 869 2787; x_wconf 86' lang='lat' dir='ltr'>acatalecti,</span> <span class='ocrx_word' id='word_1_169' title='bbox 894 2711 974 2791; x_wconf 89' lang='lat' dir='ltr'>apud</span> <span class='ocrx_word' id='word_1_170' title='bbox 991 2711 1111 2772; x_wconf 80' lang='lat' dir='ltr'>Graecos</span> <span class='ocrx_word' id='word_1_171' title='bbox 1127 2715 1235 2791; x_wconf 86' lang='lat' dir='ltr'>poetas</span> 
     </span>
     <span class='ocr_line' id='line_1_22' title="bbox 98 2800 1235 2895; baseline 0.004 -25"><span class='ocrx_word' id='word_1_172' title='bbox 98 2817 233 2876; x_wconf 88' lang='lat' dir='ltr'>scenicos</span> <span class='ocrx_word' id='word_1_173' title='bbox 254 2817 286 2874; x_wconf 89' lang='grc'>10</span> <span class='ocrx_word' id='word_1_174' title='bbox 307 2835 364 2876; x_wconf 90' lang='lat' dir='ltr'>usu</span> <span class='ocrx_word' id='word_1_175' title='bbox 386 2800 447 2876; x_wconf 88' lang='grc'>000</span> <span class='ocrx_word' id='word_1_176' title='bbox 468 2816 598 2890; x_wconf 84' lang='lat' dir='ltr'>fuerunt,</span> <span class='ocrx_word' id='word_1_177' title='bbox 622 2816 704 2895; x_wconf 88' lang='lat' dir='ltr'>apud</span> <span class='ocrx_word' id='word_1_178' title='bbox 725 2815 850 2875; x_wconf 86' lang='lat' dir='ltr'>Latinos</span> <span class='ocrx_word' id='word_1_179' title='bbox 873 2817 906 2874; x_wconf 90' lang='lat' dir='ltr'>in</span> <span class='ocrx_word' id='word_1_180' title='bbox 927 2815 1023 2876; x_wconf 89' lang='grc'>000010</span> <span class='ocrx_word' id='word_1_181' title='bbox 1043 2813 1235 2875; x_wconf 85' lang='lat' dir='ltr'>vehementer</span> 
     </span>
     <span class='ocr_line' id='line_1_23' title="bbox 99 2918 1234 2997; baseline 0 -22"><span class='ocrx_word' id='word_1_182' title='bbox 99 2921 273 2992; x_wconf 87' lang='lat' dir='ltr'>commotis,</span> <span class='ocrx_word' id='word_1_183' title='bbox 302 2919 429 2978; x_wconf 86' lang='lat' dir='ltr'>maxims</span> <span class='ocrx_word' id='word_1_184' title='bbox 453 2919 506 2979; x_wconf 91' lang='lat' dir='ltr'>ubi</span> <span class='ocrx_word' id='word_1_185' title='bbox 527 2921 702 2997; x_wconf 85' lang='lat' dir='ltr'>properatio</span> <span class='ocrx_word' id='word_1_186' title='bbox 725 2924 756 2978; x_wconf 89' lang='grc'>01</span> <span class='ocrx_word' id='word_1_187' title='bbox 777 2918 940 2996; x_wconf 81' lang='lat' dir='ltr'>trepidatio</span> <span class='ocrx_word' id='word_1_188' title='bbox 963 2918 1156 2996; x_wconf 85' lang='lat' dir='ltr'>exprimenda</span> <span class='ocrx_word' id='word_1_189' title='bbox 1178 2923 1234 2991; x_wconf 85' lang='lat' dir='ltr'>est,</span> 
     </span>
     <span class='ocr_line' id='line_1_24' title="bbox 100 3019 1233 3100; baseline 0 -22"><span class='ocrx_word' id='word_1_190' title='bbox 100 3022 171 3082; x_wconf 86' lang='lat' dir='ltr'>satis</span> <span class='ocrx_word' id='word_1_191' title='bbox 195 3021 368 3100; x_wconf 82' lang='lat' dir='ltr'>frequentes</span> <span class='ocrx_word' id='word_1_192' title='bbox 390 3025 474 3095; x_wconf 89' lang='lat' dir='ltr'>sunt,</span> <span class='ocrx_word' id='word_1_193' title='bbox 497 3021 619 3082; x_wconf 88' lang='lat' dir='ltr'>iambici</span> <span class='ocrx_word' id='word_1_194' title='bbox 641 3021 760 3100; x_wconf 89' lang='lat' dir='ltr'>quidem</span> <span class='ocrx_word' id='word_1_195' title='bbox 782 3021 924 3094; x_wconf 81' lang='lat' dir='ltr'>maxime,</span> <span class='ocrx_word' id='word_1_196' title='bbox 953 3023 1050 3080; x_wconf 87' lang='lat' dir='ltr'>rarius</span> <span class='ocrx_word' id='word_1_197' title='bbox 1078 3019 1233 3080; x_wconf 85' lang='lat' dir='ltr'>trochaici.</span> 
     </span>
     <span class='ocr_line' id='line_1_25' title="bbox 100 3121 1235 3202; baseline -0.001 -19"><span class='ocrx_word' id='word_1_198' title='bbox 100 3121 186 3194; x_wconf 78' lang='lat' dir='ltr'>Quod</span> <span class='ocrx_word' id='word_1_199' title='bbox 208 3127 233 3183; x_wconf 88' lang='lat' dir='ltr'>ei</span> <span class='ocrx_word' id='word_1_200' title='bbox 256 3123 411 3202; x_wconf 74' lang='lat' dir='ltr'>quaeritur,</span> <span class='ocrx_word' id='word_1_201' title='bbox 435 3143 494 3201; x_wconf 92' lang='lat' dir='ltr'>quo</span> <span class='ocrx_word' id='word_1_202' title='bbox 516 3123 1235 3201; x_wconf 74' lang='grc'>000000000100011,0111010001,00101100</span> 
     </span>
     <span class='ocr_line' id='line_1_26' title="bbox 100 3224 1235 3305; baseline 0.001 -22"><span class='ocrx_word' id='word_1_203' title='bbox 100 3225 129 3283; x_wconf 89' lang='lat' dir='ltr'>in</span> <span class='ocrx_word' id='word_1_204' title='bbox 151 3247 186 3286; x_wconf 94' lang='lat' dir='ltr'>re</span> <span class='ocrx_word' id='word_1_205' title='bbox 207 3226 335 3284; x_wconf 88' lang='lat' dir='ltr'>metrica</span> <span class='ocrx_word' id='word_1_206' title='bbox 357 3224 475 3286; x_wconf 79' lang='grc' dir='ltr'>0000οο</span> <span class='ocrx_word' id='word_1_207' title='bbox 504 3227 589 3304; x_wconf 86' lang='grc'>00001</span> <span class='ocrx_word' id='word_1_208' title='bbox 615 3227 745 3300; x_wconf 82' lang='lat' dir='ltr'>soleant,</span> <span class='ocrx_word' id='word_1_209' title='bbox 775 3225 824 3286; x_wconf 91' lang='lat' dir='ltr'>hic</span> <span class='ocrx_word' id='word_1_210' title='bbox 852 3226 967 3305; x_wconf 89' lang='lat' dir='ltr'>aliquid</span> <span class='ocrx_word' id='word_1_211' title='bbox 987 3229 1150 3298; x_wconf 84' lang='lat' dir='ltr'>novarent,</span> <span class='ocrx_word' id='word_1_212' title='bbox 1173 3245 1235 3284; x_wconf 90' lang='lat' dir='ltr'>non</span> 
     </span>
     <span class='ocr_line' id='line_1_27' title="bbox 99 3327 1235 3407; baseline 0 -21"><span class='ocrx_word' id='word_1_213' title='bbox 99 3333 160 3388; x_wconf 88' lang='lat' dir='ltr'>tam</span> <span class='ocrx_word' id='word_1_214' title='bbox 189 3348 302 3388; x_wconf 79' lang='lat' dir='ltr'>uorum</span> <span class='ocrx_word' id='word_1_215' title='bbox 328 3347 422 3405; x_wconf 78' lang='lat' dir='ltr'>genus</span> <span class='ocrx_word' id='word_1_216' title='bbox 449 3329 597 3388; x_wconf 84' lang='lat' dir='ltr'>invenisse</span> <span class='ocrx_word' id='word_1_217' title='bbox 623 3329 767 3390; x_wconf 87' lang='lat' dir='ltr'>videntur</span> <span class='ocrx_word' id='word_1_218' title='bbox 794 3349 885 3407; x_wconf 87' lang='lat' dir='ltr'>quam</span> <span class='ocrx_word' id='word_1_219' title='bbox 907 3349 924 3388; x_wconf 96' lang='grc'>0</span> <span class='ocrx_word' id='word_1_220' title='bbox 946 3327 1057 3389; x_wconf 71' lang='lat' dir='ltr'>Gracia</span> <span class='ocrx_word' id='word_1_221' title='bbox 1079 3332 1235 3405; x_wconf 87' lang='lat' dir='ltr'>acceptum</span> 
     </span>
     <span class='ocr_line' id='line_1_28' title="bbox 101 3429 1235 3515; baseline -0.001 -26"><span class='ocrx_word' id='word_1_222' title='bbox 101 3431 190 3506; x_wconf 83' lang='lat' dir='ltr'>paulo</span> <span class='ocrx_word' id='word_1_223' title='bbox 214 3431 304 3490; x_wconf 91' lang='lat' dir='ltr'>aliter</span> <span class='ocrx_word' id='word_1_224' title='bbox 325 3429 527 3515; x_wconf 76' lang='lat' dir='ltr'>descripsisse.</span> <span class='ocrx_word' id='word_1_225' title='bbox 572 3431 649 3492; x_wconf 84' lang='lat' dir='ltr'>Nam</span> <span class='ocrx_word' id='word_1_226' title='bbox 676 3433 709 3490; x_wconf 91' lang='grc'>10</span> <span class='ocrx_word' id='word_1_227' title='bbox 735 3431 880 3492; x_wconf 84' lang='grc'>01000001</span> <span class='ocrx_word' id='word_1_228' title='bbox 901 3432 973 3490; x_wconf 90' lang='grc'>10010</span> <span class='ocrx_word' id='word_1_229' title='bbox 996 3430 1093 3491; x_wconf 80' lang='lat' dir='ltr'>Graeci</span> <span class='ocrx_word' id='word_1_230' title='bbox 1114 3449 1235 3508; x_wconf 80' lang='lat' dir='ltr'>quoque</span> 
     </span>
     <span class='ocr_line' id='line_1_29' title="bbox 102 3533 1235 3611; baseline -0.001 -21"><span class='ocrx_word' id='word_1_231' title='bbox 102 3534 286 3594; x_wconf 82' lang='lat' dir='ltr'>continuatis</span> <span class='ocrx_word' id='word_1_232' title='bbox 307 3533 439 3592; x_wconf 87' lang='lat' dir='ltr'>numeris</span> <span class='ocrx_word' id='word_1_233' title='bbox 460 3533 638 3608; x_wconf 87' lang='lat' dir='ltr'>utebantur,</span> <span class='ocrx_word' id='word_1_234' title='bbox 667 3533 721 3594; x_wconf 88' lang='lat' dir='ltr'>sed</span> <span class='ocrx_word' id='word_1_235' title='bbox 747 3535 867 3611; x_wconf 75' lang='lat' dir='ltr'>longam</span> <span class='ocrx_word' id='word_1_236' title='bbox 893 3533 1062 3593; x_wconf 88' lang='lat' dir='ltr'>iamborum</span> <span class='ocrx_word' id='word_1_237' title='bbox 1090 3536 1143 3590; x_wconf 87' lang='lat' dir='ltr'>aut</span> <span class='ocrx_word' id='word_1_238' title='bbox 1169 3537 1235 3590; x_wconf 88' lang='lat' dir='ltr'>tro-</span> 
     </span>
     <span class='ocr_line' id='line_1_30' title="bbox 102 3633 1234 3712; baseline 0 -20"><span class='ocrx_word' id='word_1_239' title='bbox 102 3635 250 3696; x_wconf 81' lang='lat' dir='ltr'>chaeorum</span> <span class='ocrx_word' id='word_1_240' title='bbox 282 3636 405 3709; x_wconf 87' lang='lat' dir='ltr'>seriem,</span> <span class='ocrx_word' id='word_1_241' title='bbox 439 3637 502 3696; x_wconf 81' lang='lat' dir='ltr'>sive</span> <span class='ocrx_word' id='word_1_242' title='bbox 537 3641 681 3712; x_wconf 81' lang='lat' dir='ltr'>systema,</span> <span class='ocrx_word' id='word_1_243' title='bbox 717 3637 852 3696; x_wconf 87' lang='lat' dir='ltr'>dimetria</span> <span class='ocrx_word' id='word_1_244' title='bbox 885 3634 1054 3694; x_wconf 85' lang='lat' dir='ltr'>describere</span> <span class='ocrx_word' id='word_1_245' title='bbox 1086 3633 1234 3706; x_wconf 88' lang='lat' dir='ltr'>solebant,</span> 
     </span>
     <span class='ocr_line' id='line_1_31' title="bbox 101 3736 1235 3816; baseline -0.002 -18"><span class='ocrx_word' id='word_1_246' title='bbox 101 3737 200 3798; x_wconf 88' lang='lat' dir='ltr'>Latini</span> <span class='ocrx_word' id='word_1_247' title='bbox 221 3739 405 3800; x_wconf 86' lang='lat' dir='ltr'>tetrametris</span> <span class='ocrx_word' id='word_1_248' title='bbox 428 3739 608 3798; x_wconf 85' lang='lat' dir='ltr'>maluerunt.</span> <span class='ocrx_word' id='word_1_249' title='bbox 652 3737 718 3798; x_wconf 87' lang='lat' dir='ltr'>Hoc</span> <span class='ocrx_word' id='word_1_250' title='bbox 739 3739 783 3798; x_wconf 89' lang='lat' dir='ltr'>ita</span> <span class='ocrx_word' id='word_1_251' title='bbox 805 3757 869 3798; x_wconf 88' lang='lat' dir='ltr'>ease</span> <span class='ocrx_word' id='word_1_252' title='bbox 890 3736 961 3796; x_wconf 88' lang='lat' dir='ltr'>inde</span> <span class='ocrx_word' id='word_1_253' title='bbox 983 3741 1127 3815; x_wconf 87' lang='lat' dir='ltr'>apparet,</span> <span class='ocrx_word' id='word_1_254' title='bbox 1152 3736 1235 3816; x_wconf 91' lang='lat' dir='ltr'>quod</span> 
     </span>
     <span class='ocr_line' id='line_1_32' title="bbox 102 3839 1235 3921; baseline -0.003 -20"><span class='ocrx_word' id='word_1_255' title='bbox 102 3839 204 3902; x_wconf 76' lang='grc'>101101</span> <span class='ocrx_word' id='word_1_256' title='bbox 225 3846 323 3921; x_wconf 80' lang='lat' dir='ltr'>poetae</span> <span class='ocrx_word' id='word_1_257' title='bbox 351 3851 417 3902; x_wconf 82' lang='lat' dir='ltr'>curn</span> <span class='ocrx_word' id='word_1_258' title='bbox 446 3846 554 3902; x_wconf 84' lang='lat' dir='ltr'>octavo</span> <span class='ocrx_word' id='word_1_259' title='bbox 583 3860 702 3918; x_wconf 89' lang='lat' dir='ltr'>quoque</span> <span class='ocrx_word' id='word_1_260' title='bbox 730 3840 806 3919; x_wconf 87' lang='lat' dir='ltr'>peda</span> <span class='ocrx_word' id='word_1_261' title='bbox 833 3859 935 3899; x_wconf 84' lang='lat' dir='ltr'>vocem</span> <span class='ocrx_word' id='word_1_262' title='bbox 964 3840 1143 3913; x_wconf 80' lang='lat' dir='ltr'>terminant,</span> <span class='ocrx_word' id='word_1_263' title='bbox 1167 3859 1235 3898; x_wconf 90' lang='lat' dir='ltr'>cum</span> 
     </span>
     <span class='ocr_line' id='line_1_33' title="bbox 103 3942 1235 4024; baseline -0.003 -20"><span class='ocrx_word' id='word_1_264' title='bbox 103 3949 211 4024; x_wconf 87' lang='lat' dir='ltr'>quarto</span> <span class='ocrx_word' id='word_1_265' title='bbox 235 3964 296 4004; x_wconf 89' lang='lat' dir='ltr'>non</span> <span class='ocrx_word' id='word_1_266' title='bbox 318 3945 406 4019; x_wconf 88' lang='lat' dir='ltr'>item,</span> <span class='ocrx_word' id='word_1_267' title='bbox 429 3944 597 4022; x_wconf 74' lang='lat' dir='ltr'>sepiusque</span> <span class='ocrx_word' id='word_1_268' title='bbox 620 3945 711 4002; x_wconf 85' lang='lat' dir='ltr'>etiam</span> <span class='ocrx_word' id='word_1_269' title='bbox 733 3943 765 4002; x_wconf 92' lang='lat' dir='ltr'>in</span> <span class='ocrx_word' id='word_1_270' title='bbox 787 3942 950 4002; x_wconf 88' lang='lat' dir='ltr'>octonariis</span> <span class='ocrx_word' id='word_1_271' title='bbox 972 3961 1061 4020; x_wconf 87' lang='lat' dir='ltr'>quam</span> <span class='ocrx_word' id='word_1_272' title='bbox 1082 3943 1114 4000; x_wconf 91' lang='grc'>10</span> <span class='ocrx_word' id='word_1_273' title='bbox 1135 3946 1235 4020; x_wconf 88' lang='lat' dir='ltr'>septe·</span> 
     </span>
     <span class='ocr_line' id='line_1_34' title="bbox 102 4039 1236 4126; baseline -0.004 -18"><span class='ocrx_word' id='word_1_274' title='bbox 102 4049 195 4108; x_wconf 87' lang='lat' dir='ltr'>uariis</span> <span class='ocrx_word' id='word_1_275' title='bbox 224 4047 358 4108; x_wconf 75' lang='lat' dir='ltr'>diaeresis</span> <span class='ocrx_word' id='word_1_276' title='bbox 385 4053 455 4126; x_wconf 85' lang='lat' dir='ltr'>post</span> <span class='ocrx_word' id='word_1_277' title='bbox 481 4051 622 4125; x_wconf 87' lang='lat' dir='ltr'>quartum</span> <span class='ocrx_word' id='word_1_278' title='bbox 648 4045 757 4125; x_wconf 85' lang='lat' dir='ltr'>pedem</span> <span class='ocrx_word' id='word_1_279' title='bbox 782 4044 959 4123; x_wconf 75' lang='lat' dir='ltr'>negligitur;</span> <span class='ocrx_word' id='word_1_280' title='bbox 981 4065 1036 4104; x_wconf 88' lang='grc'>000</span> <span class='ocrx_word' id='word_1_281' title='bbox 1057 4050 1159 4104; x_wconf 87' lang='lat' dir='ltr'>tamen</span> <span class='ocrx_word' id='word_1_282' title='bbox 1180 4039 1236 4104; x_wconf 88' lang='lat' dir='ltr'>no·</span> 
     </span>
     <span class='ocr_line' id='line_1_35' title="bbox 102 4147 1236 4226; baseline -0.002 -18"><span class='ocrx_word' id='word_1_283' title='bbox 102 4151 192 4210; x_wconf 90' lang='lat' dir='ltr'>luisse</span> <span class='ocrx_word' id='word_1_284' title='bbox 215 4169 266 4208; x_wconf 87' lang='lat' dir='ltr'>eoa</span> <span class='ocrx_word' id='word_1_285' title='bbox 286 4149 339 4208; x_wconf 91' lang='lat' dir='ltr'>illo</span> <span class='ocrx_word' id='word_1_286' title='bbox 361 4151 429 4210; x_wconf 92' lang='lat' dir='ltr'>loco</span> <span class='ocrx_word' id='word_1_287' title='bbox 451 4169 570 4210; x_wconf 87' lang='lat' dir='ltr'>versum</span> <span class='ocrx_word' id='word_1_288' title='bbox 593 4148 697 4223; x_wconf 82' lang='lat' dir='ltr'>dividi,</span> <span class='ocrx_word' id='word_1_289' title='bbox 717 4168 755 4207; x_wconf 86' lang='lat' dir='ltr'>ex</span> <span class='ocrx_word' id='word_1_290' title='bbox 775 4147 1009 4226; x_wconf 78' lang='lat' dir='ltr'>hiatu0apparet</span> <span class='ocrx_word' id='word_1_291' title='bbox 1029 4147 1072 4206; x_wconf 92' lang='lat' dir='ltr'>ibi</span> <span class='ocrx_word' id='word_1_292' title='bbox 1095 4166 1236 4206; x_wconf 88' lang='lat' dir='ltr'>concesso</span> 
     </span>
     <span class='ocr_line' id='line_1_36' title="bbox 105 4245 1234 4330; baseline -0.004 -19"><span class='ocrx_word' id='word_1_293' title='bbox 105 4251 279 4327; x_wconf 75' lang='grc'>(01101100</span> <span class='ocrx_word' id='word_1_294' title='bbox 305 4271 335 4329; x_wconf 92' lang='lat' dir='ltr'>p.</span> <span class='ocrx_word' id='word_1_295' title='bbox 362 4254 423 4313; x_wconf 89' lang='grc'>610</span> <span class='ocrx_word' id='word_1_296' title='bbox 451 4250 532 4330; x_wconf 89' lang='grc'>000.)</span> <span class='ocrx_word' id='word_1_297' title='bbox 568 4252 742 4330; x_wconf 75' lang='lat' dir='ltr'>syllabaque</span> <span class='ocrx_word' id='word_1_298' title='bbox 781 4251 919 4328; x_wconf 82' lang='lat' dir='ltr'>ancipiti3</span> <span class='ocrx_word' id='word_1_299' title='bbox 960 4245 1094 4324; x_wconf 86' lang='lat' dir='ltr'>(brevem</span> <span class='ocrx_word' id='word_1_300' title='bbox 1132 4248 1234 4308; x_wconf 85' lang='lat' dir='ltr'>videas</span> 
     </span>
     <span class='ocr_line' id='line_1_37' title="bbox 104 4351 1236 4434; baseline -0.006 -18"><span class='ocrx_word' id='word_1_301' title='bbox 104 4356 210 4434; x_wconf 79' lang='lat' dir='ltr'>Amph.</span> <span class='ocrx_word' id='word_1_302' title='bbox 238 4355 308 4414; x_wconf 89' lang='grc'>156.</span> <span class='ocrx_word' id='word_1_303' title='bbox 335 4355 405 4414; x_wconf 78' lang='lat'><strong>192.</strong></span> <span class='ocrx_word' id='word_1_304' title='bbox 431 4356 501 4414; x_wconf 84' lang='lat'>196.</span> <span class='ocrx_word' id='word_1_305' title='bbox 526 4351 613 4428; x_wconf 78' lang='lat'><strong>208).</strong></span> <span class='ocrx_word' id='word_1_306' title='bbox 657 4353 808 4414; x_wconf 75' lang='lat' dir='ltr'>Proeterea</span> <span class='ocrx_word' id='word_1_307' title='bbox 836 4373 926 4432; x_wconf 88' lang='lat' dir='ltr'>quum</span> <span class='ocrx_word' id='word_1_308' title='bbox 953 4352 1099 4412; x_wconf 87' lang='lat' dir='ltr'>octonarii</span> <span class='ocrx_word' id='word_1_309' title='bbox 1121 4355 1236 4412; x_wconf 89' lang='lat' dir='ltr'>oetero-</span> 
     </span>
    </p>
   </div>
   <div class='ocr_carea' id='block_1_5' title="bbox 0 0 1496 5038">
    <p class='ocr_par' dir='ltr' id='par_1_5' title="bbox 0 0 1496 5038">
     <span class='ocr_line' id='line_1_38' title="bbox 0 0 1496 5038; baseline 0 0"><span class='ocrx_word' id='word_1_310' title='bbox 0 0 1496 5038; x_wconf 95' lang='lat' dir='ltr'> </span> 
     </span>
    </p>
   </div>
  </div>
 </body>
</html>
