2976 5056
601 497 632 552 V·
650 499 794 554 ffl-
1200 507 1259 568 301

102 711 169 752 nos
197 695 233 753 di
257 696 377 766 iuuere,
399 689 552 769 gnudeo“;
576 693 612 754 ct.
636 709 728 772 supra
752 695 824 753 636.
870 693 1002 766 Gaudet,
1034 696 1116 773 quod
1139 716 1262 756 uxorem

101 797 285 870 gravidum
309 797 456 872 conspicit
482 801 513 853 et
540 793 660 873 quidem
688 796 812 872 pulchre
835 796 968 873 plenam,
992 801 1082 864 καλῶς
1104 800 1207 875 πλήρη,
1229 806 1264 858 66

103 894 415 958 Menanderlleaut.
429 899 462 956 e:
484 899 533 957 666
555 901 644 964 καλῶς
666 899 819 973 6636166666.
852 898 991 958 Alterum
1009 900 1038 958 te
1060 902 1262 961 omittendum

105 1019 187 1060 esse
200 1008 235 1060 et
248 1021 284 1060 ex
296 1003 385 1060 metri
396 1001 574 1060 necessitate
591 1007 622 1060 et
639 1021 676 1060 ex
692 1001 838 1060 66666616
856 1001 1006 1079 elegantia
1018 1003 1168 1064 intellexit
1180 1004 1262 1068 Pius.

106 1131 161 1142 —-
190 1105 267 1162 676.
292 1099 412 1164 dudum
433 1121 492 1162 nou
513 1103 634 1181 longum
651 1101 800 1177 siguificat
817 1102 870 1160 sed
886 1103 977 1164 breve
994 1110 1121 1183 tempus,
1141 1127 1169 1166 v.
1189 1109 1262 1167 664.

107 1204 229 1276 Quare
240 1225 300 1264 nou
311 1207 421 1264 iniuria
431 1206 543 1266 Muller
559 1221 622 1265 666
639 1199 759 1266 dudum
775 1205 963 1264 scribendum
980 1214 1091 1266 censet.
1121 1208 1261 1268 Proximo

109 1326 218 1366 versu
235 1307 314 1366 idcus
336 1302 494 1386 06666666
510 1327 566 1386 pro
588 1302 686 1384 Quasi
708 1302 771 1383 qai,
795 1326 855 1366 nou
877 1309 990 1368 minore
1013 1311 1087 1370 iure.
1122 1310 1181 1370 Sed
1204 1313 1263 1371 iam

111 1407 267 1468 Muretus
283 1409 353 1469 Var.
372 1411 440 1470 lect.
458 1410 495 1483 X,
521 1411 559 1468 13
583 1429 640 1468 uss.
663 1411 810 1468 677-78
833 1428 889 1487 pro
912 1413 1023 1488 spuriis
1046 1413 1219 1488 damnavit,
1232 1422 1263 1473 et

115 1513 191 1570 678
215 1511 337 1590 quidem
358 1519 420 1572 tam
443 1513 548 1572 similis
570 1517 616 1570 est
640 1513 710 1584 676,
730 1517 765 1570 66
783 1512 872 1571 ambo
894 1515 983 1572 simul
1006 1515 1078 1573 ferri
1101 1523 1261 1593 nequeant.

115 1613 271 1686 Accedit,
295 1615 377 1691 quod
398 1615 524 1674 verbosa
557 1616 614 1674 ista
640 1614 807 1691 loquacitas
835 1615 905 1674 hnic
933 1616 998 1674 loco
1027 1619 1077 1675 vix
1105 1623 1178 1696 apta
1205 1627 1261 1679 sat.

118 1714 242 1774 Verum
263 1697 372 1775 vitium
394 1717 530 1777 vocabuli
553 1713 673 1778 dudum
699 1715 819 1790 suadet,
849 1723 883 1776 nt
911 1719 978 1776 aliis
1006 1720 1142 1778 terminis
1170 1721 1262 1780 inter·

121 1818 313 1894 polationem
336 1820 611 1879 circumscribamus
632 1826 663 1878 st
685 1817 783 1878 deleta
805 1825 937 1878 extrema
959 1826 1048 1898 parta
1072 1841 1175 1880 versus
1200 1825 1262 1882 676

123 1920 256 1979 similem
284 1926 399 1998 partem
430 1941 534 1982 666666
564 1917 625 1980 678
656 1923 844 1981 retineamus.
890 1917 986 1982 multo
1007 1924 1098 1998 post,
1127 1925 1146 1982 i.
1172 1945 1197 1982 6.
1227 1945 1263 1984 ex

125 2023 221 2098 longo
244 2023 419 2097 intervallo,
448 2025 485 2082 ci.
509 2043 600 2102 supra
623 2025 694 2084 663.
739 2023 836 2083 Huius
859 2025 1077 2102 interpretandi
1100 2045 1189 2085 cansa
1212 2026 1263 2086 ad·

127 2125 276 2202 scriptum
305 2133 349 2183 est
377 2126 454 2186 illud
482 2121 617 2200 dudum,
640 2125 856 2203 significatione
879 2145 897 2185 a
919 2126 1020 2187 Plauti
1043 2133 1132 2186 satste
1154 2129 1261 2188 aliena.

130 2255 175 2266 -
191 2228 262 2287 680.
286 2221 388 2288 Haud
407 2243 538 2306 aequom
634 2223 773 2288 dediscit.
811 2229 955 2288 Alcmena
976 2229 1150 2306 indignatur
1171 2231 1261 2308 quod,

129 2347 222 2406 quum
262 2349 334 2388 vera
372 2331 470 2389 dicere
509 2350 540 2389 se
579 2331 717 2389 didicisse
757 2331 853 2404 dicat,
893 2331 950 2390 hoc
991 2331 1178 2391 dedidicerit.
1219 2363 1263 2374 -

130 2433 203 2490 682.
227 2429 424 2492 rwotmtci
443 2434 570 2511 primam
593 2432 742 2510 producit,
767 2432 846 2511 quod
870 2453 962 2510 quum
984 2431 1049 2492 fiori
1066 2453 1125 2493 non
1142 2435 1261 2508 soleret,

131 2532 176 2590 Fl.
205 2533 451 2606 ,conuertiuriui“
482 2535 618 2614 scripsit,
648 2535 729 2613 quod
756 2535 871 2596 incuria
903 2537 1082 2615 typographi
1112 2540 1202 2598 etiarn
1232 2540 1262 2596 in

131 2642 264 2694 nostram
287 2637 450 2696 editionem
473 2639 606 2697 transiit.
623 2667 668 2678 -
685 2639 756 2697 683.
776 2633 959 2713 eumdum,
977 2639 1058 2715 quod
1074 2642 1132 2698 iter
1149 2642 1262 2716 ingres-

131 2757 220 2796 surus
249 2739 370 2817 cepisti,
400 2759 438 2797 an
466 2738 648 2814 tenpestas,
676 2742 757 2798 venti
787 2739 912 2799 adversi.
941 2771 985 2782 --
1014 2743 1085 2800 684.
1113 2737 1174 2819 Qui
1200 2759 1264 2802 666

133 2833 248 2900 ctist.
294 2840 339 2899 Ne
361 2843 427 2917 quis
451 2842 671 2902 coniunctivnm
694 2843 835 2919 postulet,
860 2843 1041 2901 indicativus
1063 2847 1095 2902 iu
1117 2845 1263 2904 eiusmodi

132 2943 289 3002 sententiis
312 2943 391 3020 apud
414 2944 554 3002 Plautum
575 2943 715 3021 frequens
744 2951 804 3017 est,
836 2945 872 3002 61.
897 2944 975 3003 Men.
1002 2947 1078 3005 584:
1117 2947 1173 3020 „Di
1195 2968 1263 3024 per-

132 3043 206 3104 dant
230 3089 237 3102 .
257 3089 264 3104 .
284 3089 292 3104 .
315 3064 376 3118 me,
406 3047 458 3124 qni
485 3045 574 3105 hodie
602 3046 699 3105 lorum
728 3067 868 3123 nmquam
897 3047 991 3105 oculis
1020 3051 1136 3123 inspexi
1158 3047 1263 3109 meis“.

130 3145 171 3205 ib.
197 3149 274 3206 603:
313 3151 398 3224 „qui,
429 3167 507 3224 quae
534 3147 637 3220 uides,
672 3167 706 3206 ea
739 3146 913 3226 pernegat“.
943 3179 987 3190 -
1016 3144 1123 3210 abiisti
1157 3157 1187 3209 et
1218 3147 1265 3210 ott

132 3269 235 3308 uersus
263 3269 352 3308 66666
379 3251 438 3308 iarn
466 3250 581 3326 antiqui
610 3249 677 3308 edd.
707 3280 750 3290 --
779 3253 850 3310 686.
880 3251 990 3310 Versus
1023 3253 1102 3311 iusto
1136 3252 1263 3330 longior.

132 3351 247 3410 Camsr.
275 3349 430 3423 „Dudnm“
456 3353 487 3409 in
509 3352 656 3428 principio
679 3371 783 3411 versus
813 3351 947 3426 delebat,
978 3352 1064 3411 Both.
1097 3351 1263 3430 ,pridem“,

132 3453 214 3530 quod
242 3455 383 3531 repetitio
412 3455 540 3530 proximi
570 3473 673 3514 versus
701 3454 895 3513 commendat.
942 3470 1036 3531 qaam
1064 3451 1196 3530 (luctatu,
1226 3457 1263 3516 cf.

133 3555 214 3614 Asin.
239 3557 312 3612 446.
351 3556 445 3616 Stich.
471 3558 542 3615 310.
583 3556 665 3614 Τι·ἰ6.
691 3557 767 3616 608:
807 3556 921 3629 „Quam
954 3556 1066 3615 dudum
1100 3558 1178 3616 istuc
1212 3564 1265 3617 666

132 3659 184 3717 ubi
212 3656 362 3716 actumst?
396 3658 450 3717 ST.
479 3657 568 3730 Ilico,
598 3658 647 3717 hic
674 3664 744 3716 ante
772 3660 890 3718 ostium.
935 3659 1009 3717 Tam
1031 3659 1136 3732 modo,
1165 3661 1265 3736 inquit

134 3757 378 3820 Praenestinus“.
424 3761 592 3838 Simplicius
621 3760 741 3819 Terent.
770 3759 846 3819 Eun.
872 3763 948 3820 69⁷:
988 3761 1154 3834 ,Quaudoi
1199 3762 1263 3822 DO.

134 3861 240 3921 Hodie.
286 3861 347 3921 PH.
382 3863 477 3934 Quam
510 3861 642 3922 dudum?
687 3861 749 3922 ΒΟ.
773 3862 897 3923 Modo“.
949 3864 1013 3924 Hoc
1046 3883 1165 3941 quoque
1198 3865 1264 3924 loco

134 3964 212 4024 idem
241 3963 453 4041 respondetur:
487 3961 599 4038 troclo;
630 3965 684 4024 sed
713 3971 782 4024 ante
810 3965 867 4025 hoc
894 3965 1006 4043 legitur
1037 3960 1101 4026 iam
1129 3962 1266 4040 dadacum

6 4105 9 4124 .
136 4087 200 4143 quse
245 4067 371 4140 locutio,
415 4067 552 4127 omnibus
596 4067 791 4146 scriptoribus
840 4062 1050 4142 familiaris*),
1096 4067 1265 4143 significare

160 4299 186 4366 *1
203 4297 340 4353 Librariis
358 4297 471 4367 quidem
489 4299 542 4360 ita,
561 4303 588 4353 61
611 4299 696 4354 etiam
714 4299 749 4353 de
766 4317 817 4354 suo
836 4297 924 4368 „iam“
948 4298 1086 4354 adderent
1109 4303 1176 4354 aute
1199 4299 1266 4368 „dn-

203 4383 297 4453 dum“,
315 4401 340 4438 v.
358 4383 506 4438 16166966.
