2956 5018
269 467 330 530 178
725 457 934 530 Prolegomena

265 658 342 716 leins
363 652 578 732 vituperandus
601 657 659 726 est,
684 652 765 732 qnod
787 673 918 714 errorem
940 655 1083 716 Martiani
1107 660 1139 714 et
1160 655 1300 716 Prisciani
1326 677 1380 718 non
1452 637 1453 648 ἵ

267 757 486 828 animadvertit,
510 755 660 833 quomodo
682 775 736 816 nos
758 756 876 816 laudari
894 777 1059 836 possumus,
1078 759 1104 818 si
1120 760 1247 818 scientes
1262 759 1379 818 Bentleii

142 857 146 871 '
266 881 397 922 errorem
419 856 604 936 repetimus?
636 858 693 931 At,
716 859 871 936 inquiunt,
897 880 956 937 quo
979 863 1098 920 nomine
1124 867 1257 935 utamur,
1283 883 1379 940 parom
1452 925 1453 944 1

265 965 368 1036 refert,
391 960 479 1020 modo
503 961 540 1020 de
563 958 779 1038 significatione
800 980 905 1022 vocum
928 965 1095 1022 conveniat.
1135 963 1214 1036 Quid
1235 969 1337 1039 cutem¹
1356 967 1376 1022 si
1452 969 1453 978 ’

265 1065 393 1126 nominis
426 1083 510 1123 error
542 1083 608 1123 cum
640 1065 773 1124 notionis
803 1083 905 1123 errore
934 1066 1110 1125 coniunctus
1138 1070 1198 1140 est,
1226 1086 1378 1145 nomenque
1452 1069 1453 1072 ’

264 1170 363 1245 ipsum
386 1185 515 1226 errorem
538 1165 723 1226 commendat
745 1169 776 1224 et
796 1163 917 1224 firmet?
940 1167 1033 1226 Immo
1056 1167 1242 1230 abiiciendns
1260 1174 1303 1228 ost
1317 1190 1378 1247 prs·
1452 1191 1453 1254 ᾗ

264 1291 319 1330 vus
341 1271 397 1328 iste
418 1267 631 1328 vocabulorum
654 1287 736 1341 usus,
756 1273 786 1326 et
801 1268 992 1342 Aristoxeno,
1010 1269 1164 1346 Dionysio,
1183 1270 1380 1348 Hephaestione
1452 1265 1453 1274 ¹

265 1371 438 1432 auctoribus
465 1371 539 1428 arms
565 1371 673 1442 levior,
702 1370 798 1429 thesis
830 1370 951 1446 gravior
983 1371 1070 1450 pedis
1102 1391 1173 1450 pers
1202 1373 1376 1451 appellanda.
1452 1419 1453 1444 ἶ

265 1475 330 1534 Hoc
351 1473 570 1556 recentissimus
593 1472 666 1530 ar·tis
694 1473 824 1532 metrica
854 1478 971 1547 auctor,
995 1473 1156 1548 Christins,
1180 1495 1271 1553 quum
1291 1476 1380 1536 facere
1452 1465 1453 1472 ἵ

265 1581 402 1654 cuperet,
436 1593 495 1633 non
525 1579 572 1632 est
597 1593 700 1646 susus,
729 1575 789 1633 nisi
817 1574 898 1652 qnod
925 1576 1089 1650 interdum,
1119 1577 1172 1636 nbi
1200 1580 1377 1656 antiquorum
1452 1575 1453 1598 ¹

263 1679 392 1757 vestigia
412 1677 545 1754 pressius
572 1674 724 1754 sequenda
751 1676 944 1750 videbantur,
974 1677 1085 1738 Graecis
1111 1679 1224 1738 litteris
1250 1683 1327 1738 θέσιν
1352 1685 1379 1736 et
1452 1701 1453 1744 l

262 1784 342 1858 ἄρσιν
370 1781 473 1858 poenit
499 1780 648 1838 contrario
677 1797 780 1852 sensu,
816 1799 904 1856 quam
931 1780 984 1839 ubi
1012 1779 1114 1840 eadem
1137 1781 1256 1842 Latinis
1284 1781 1380 1842 scribit

264 1883 390 1958 (Metrik
413 1883 466 1940 der
488 1880 635 1940 Griechen
656 1881 720 1940 und
741 1881 851 1940 Rbmer
872 1902 903 1959 p.
927 1878 997 1956 43);
1028 1903 1082 1942 nos
1104 1884 1216 1962 ubique
1237 1885 1378 1956 faciemus,
1452 1881 1453 1966 J

262 1988 321 2046 nisi
341 1985 395 2044 ubi
416 1984 541 2043 aliorum
565 1985 745 2060 scriptorum
767 1984 859 2042 verba
881 1983 1047 2044 afferemus.
1452 2061 1453 2068 ἵ

347 2086 516 2158 Bentleins,
541 2086 592 2162 qni
614 2083 747 2144 editione
769 2085 903 2144 Terentii
925 2091 956 2145 et
977 2087 1191 2148 schediasmate
1219 2089 1257 2146 de
1283 2091 1379 2147 metris
1452 2091 1453 2120 l

261 2190 451 2250 Terentianis
473 2187 542 2246 huio
570 2188 740 2264 anteposito
761 2192 879 2246 tantum
902 2190 1029 2248 contulit
1052 2189 1091 2248 ad
1113 2193 1294 2250 scenicorum
1314 2211 1380 2270 poe·
1452 2193 1453 2244 3

260 2298 361 2351 tarum
394 2293 490 2349 metra
521 2288 731 2378 intelligenda,
770 2288 918 2368 „primus“
954 2297 989 2352 ut
1021 2294 1084 2369 ipse
1118 2295 1162 2352 ait
1199 2296 1293 2366 „ictus
1324 2295 1382 2352 sive

261 2396 366 2470 ἄρσεις,
393 2409 500 2466 magno
531 2390 708 2449 discentium
738 2393 905 2466 commodo,
939 2414 994 2471 per
1027 2399 1167 2454 accentus
1200 2401 1304 2455 acutos
1335 2415 1381 2454 ex·
1452 2397 1453 2474 l

260 2492 400 2575 pressit“.
434 2491 537 2552 Aede
560 2493 713 2552 commodo
737 2494 855 2572 quidem
878 2515 938 2556 non
961 2501 1007 2556 est
1028 2495 1107 2575 quod
1124 2496 1315 2574 ambigamus,
1332 2496 1380 2556 sed
1452 2553 1453 2572 2

260 2598 342 2677 quod
362 2596 464 2657 addit:
502 2594 633 2668 „Horum
661 2601 835 2656 accentuum
864 2597 957 2657 ductu
987 2595 1026 2672 (si
1048 2619 1106 2657 vox
1128 2601 1159 2658 in
1181 2600 1241 2658 illis
1265 2599 1382 2676 syllabis
1452 2621 1453 2634 ³

259 2703 384 2760 acuatur
408 2695 470 2772 ...)
499 2716 604 2756 versus
630 2699 784 2758 universos
812 2699 915 2759 eodem
943 2699 1031 2760 modo
1059 2702 1156 2760 lector
1184 2700 1301 2775 efferet,
1324 2721 1382 2780 quo
1452 2743 1453 2776 q

259 2803 330 2862 olim
352 2801 389 2860 ab
413 2803 513 2858 actore
534 2799 566 2858 in
588 2818 695 2858 scaeua
717 2799 755 2858 ad
776 2800 881 2860 tibiam
897 2799 1200 2879 pronuntiabantur“,
1218 2804 1249 2862 id
1266 2805 1382 2863 omuino
1452 2863 1453 2878 χ

258 2903 428 2980 negandum
445 2905 499 2960 est.
532 2900 580 2959 An
598 2905 684 2959 tanta
705 2902 790 2961 nobis
813 2902 994 2963 confidentia
1016 2909 1071 2978 est,
1094 2910 1129 2964 ut
1151 2909 1285 2964 nostram
1308 2907 1379 2966 snti—
1452 2885 1453 2904 ³

259 3025 384 3084 quarum
413 3004 583 3079 linguarum
611 3005 886 3081 pronuntiationem
912 3008 1070 3083 genuinam
1098 3026 1162 3066 esse
1185 3006 1379 3067 arbitremur?

257 3108 350 3168 lmmo
383 3107 445 3166 sive
478 3125 592 3165 morem
624 3107 777 3183 sequimur
804 3128 859 3186 per
886 3109 993 3169 saeoulc
1020 3109 1179 3182 traditum,
1209 3111 1378 3186 magistrum

256 3211 378 3270 minime
399 3209 612 3287 spernendum,
635 3209 698 3267 sive
726 3209 911 3269 coniecturas
938 3211 1098 3289 probamus
1122 3232 1159 3271 ex
1178 3185 1252 3270 bolis
1274 3211 1379 3270 litteris
1448 3186 1453 3274 l

257 3312 369 3384 ductas,
393 3332 453 3372 non
475 3311 628 3371 modestia
651 3309 704 3369 sed
725 3313 864 3371 veritatis
886 3312 1150 3373 consalutandum
1172 3317 1227 3388 est,
1251 3333 1307 3374 nos
1328 3313 1381 3372 hec

256 3414 376 3494 quidem
398 3416 429 3473 in
452 3434 485 3473 re
506 3413 636 3491 plurima
657 3414 804 3490 ignorare.
839 3412 880 3474 Et
896 3415 977 3492 quod
994 3415 1031 3474 ad
1048 3435 1152 3475 versus
1176 3416 1298 3490 attinet,
1316 3417 1377 3494 quis

254 3518 486 3592 hodieignorat‚
505 3516 643 3594 antiquos
656 3521 763 3594 poetes
780 3518 977 3593 quantitatem
994 3517 1184 3593 syllabarum,
1203 3537 1263 3577 non
1281 3539 1376 3578 acceu-

254 3626 303 3678 tus
325 3623 441 3678 secutos
465 3616 551 3677 esse?
586 3617 670 3678 Notae
698 3624 797 3678 antem
825 3619 963 3679 edictus
986 3619 1378 3698 indicendossuperposita

255 3741 387 3782 errorem
409 3721 506 3794 olunt,
530 3722 616 3797 qussi
638 3727 776 3780 accentus
799 3742 918 3800 quoque
940 3722 1062 3799 aliquod
1084 3726 1269 3782 momentum
1292 3723 1377 3782 luerit

253 3825 285 3882 in
307 3823 442 3882 versibus
465 3823 639 3901 pangendis.
684 3823 811 3882 Bentleii
840 3823 961 3902 quidem
981 3824 1045 3884 haec
1066 3825 1216 3884 sententia
1237 3823 1310 3896 fuit,
1334 3825 1375 3884 cui

253 3931 379 4004 propter
400 3926 483 3984 illam
504 3926 718 4004 pronuntiandi
740 3927 886 3986 rationem
904 3927 1011 3985 mirum
1028 3927 1193 4000 videbatur,
1217 3927 1376 4005 siquando

253 4027 465 4088 vocabulorum
493 4033 631 4088 accentus
654 4049 718 4088 oum
741 4029 803 4088 ictu
824 4029 947 4087 metrico
969 4031 1152 4108 pugnabant.
1198 4031 1252 4088 Vir
1275 4030 1374 4090 doctus

253 4130 371 4190 Latinis
394 4131 513 4190 comicis
534 4150 713 4208 magnopere
731 4131 894 4190 cavendum
914 4133 1007 4191 luisse
1025 4133 1172 4206 censebat,
1199 4153 1255 4206 „ne
1277 4138 1374 4192 contra

251 4233 361 4306 lingua
384 4234 503 4307 genium
525 4234 603 4291 ictus
625 4252 679 4292 sen
701 4239 840 4293 accentus
861 4235 893 4292 in
916 4253 1035 4313 quoque
1056 4253 1144 4294 versu
1164 4234 1296 4310 syllabas
1314 4253 1375 4295 var·

250 4333 359 4394 borum
380 4335 502 4393 ultimas
525 4332 713 4411 occuparot“,
736 4355 917 4413 quamquam
946 4337 1025 4396 idem
1052 4338 1142 4415 paulo
1172 4343 1241 4414 post
1263 4338 1320 4400 hoc
1340 4337 1375 4395 de
