<?xml version="1.0" encoding="UTF-8"?>
<!DOCTYPE html PUBLIC "-//W3C//DTD XHTML 1.0 Transitional//EN"
    "http://www.w3.org/TR/xhtml1/DTD/xhtml1-transitional.dtd">
<html xmlns="http://www.w3.org/1999/xhtml" xml:lang="en" lang="en">
 <head>
  <title>
</title>
<meta http-equiv="Content-Type" content="text/html;charset=utf-8" />
  <meta name='ocr-system' content='tesseract 3.04.00' />
  <meta name='ocr-capabilities' content='ocr_page ocr_carea ocr_par ocr_line ocrx_word'/>
</head>
<body>
  <div class='ocr_page' id='page_1' title='image "./tmacciiplautico02ussigoog_0284.png"; bbox 0 0 2960 5038; ppageno 0'>
   <div class='ocr_carea' id='block_1_1' title="bbox 569 509 1231 580">
    <p class='ocr_par' dir='ltr' id='par_1_1' title="bbox 569 509 1231 580">
     <span class='ocr_line' id='line_1_1' title="bbox 569 509 1231 580; baseline 0.005 -15"><span class='ocrx_word' id='word_1_1' title='bbox 569 509 601 565; x_wconf 84' lang='lat' dir='ltr'><strong>v.</strong></span> <span class='ocrx_word' id='word_1_2' title='bbox 620 513 764 567; x_wconf 73' lang='lat' dir='ltr'><strong>cre-ece.</strong></span> <span class='ocrx_word' id='word_1_3' title='bbox 1168 519 1231 580; x_wconf 77' lang='lat'><strong>269</strong></span> 
     </span>
    </p>
   </div>
   <div class='ocr_carea' id='block_1_2' title="bbox 64 699 1234 4466">
    <p class='ocr_par' dir='ltr' id='par_1_2' title="bbox 64 699 1234 3139">
     <span class='ocr_line' id='line_1_2' title="bbox 65 699 1230 784; baseline 0.009 -26"><span class='ocrx_word' id='word_1_4' title='bbox 65 706 153 774; x_wconf 76' lang='lat' dir='ltr'><strong>eret,</strong></span> <span class='ocrx_word' id='word_1_5' title='bbox 191 705 335 783; x_wconf 83' lang='lat' dir='ltr'><strong>proprie</strong></span> <span class='ocrx_word' id='word_1_6' title='bbox 369 705 490 782; x_wconf 82' lang='lat' dir='ltr'><strong>sucipit.</strong></span> <span class='ocrx_word' id='word_1_7' title='bbox 515 733 552 746; x_wconf 90' lang='grc'><strong>·-</strong></span> <span class='ocrx_word' id='word_1_8' title='bbox 584 707 656 765; x_wconf 87' lang='grc'><strong>324.</strong></span> <span class='ocrx_word' id='word_1_9' title='bbox 682 699 870 767; x_wconf 58' lang='lat' dir='ltr'><strong>Onerum</strong></span> <span class='ocrx_word' id='word_1_10' title='bbox 897 707 947 766; x_wconf 76' lang='lat' dir='ltr'><strong>est</strong></span> <span class='ocrx_word' id='word_1_11' title='bbox 972 707 1079 784; x_wconf 78' lang='lat' dir='ltr'><strong>scripsi</strong></span> <span class='ocrx_word' id='word_1_12' title='bbox 1107 727 1174 767; x_wconf 89' lang='lat' dir='ltr'><strong>curu</strong></span> <span class='ocrx_word' id='word_1_13' title='bbox 1196 709 1230 768; x_wconf 92' lang='lat' dir='ltr'><strong>B.</strong></span> 
     </span>
     <span class='ocr_line' id='line_1_3' title="bbox 66 798 1232 881; baseline 0.01 -21"><span class='ocrx_word' id='word_1_14' title='bbox 66 801 173 881; x_wconf 80' lang='lat' dir='ltr'>Vulgo</span> <span class='ocrx_word' id='word_1_15' title='bbox 199 798 437 881; x_wconf 78' lang='lat' dir='ltr'><strong>Oneranduct,</strong></span> <span class='ocrx_word' id='word_1_16' title='bbox 461 811 495 866; x_wconf 90' lang='lat' dir='ltr'><strong>ut</strong></span> <span class='ocrx_word' id='word_1_17' title='bbox 514 807 615 867; x_wconf 75' lang='lat' dir='ltr'><strong>hictus</strong></span> <span class='ocrx_word' id='word_1_18' title='bbox 638 813 706 867; x_wconf 80' lang='lat' dir='ltr'><strong>ante</strong></span> <span class='ocrx_word' id='word_1_19' title='bbox 728 808 758 868; x_wconf 90' lang='lat' dir='ltr'><strong>h.</strong></span> <span class='ocrx_word' id='word_1_20' title='bbox 780 828 809 870; x_wconf 84' lang='lat' dir='ltr'><strong>v.</strong></span> <span class='ocrx_word' id='word_1_21' title='bbox 832 812 882 868; x_wconf 87' lang='lat' dir='ltr'><strong>sit.</strong></span> <span class='ocrx_word' id='word_1_22' title='bbox 905 839 949 850; x_wconf 91' lang='lat'>-</span> <span class='ocrx_word' id='word_1_23' title='bbox 972 809 1042 869; x_wconf 82' lang='grc'><strong>325.</strong></span> <span class='ocrx_word' id='word_1_24' title='bbox 1066 811 1232 872; x_wconf 66' lang='lat' dir='ltr'><strong>etelectus</strong></span> 
     </span>
     <span class='ocr_line' id='line_1_4' title="bbox 64 899 1230 990; baseline 0.008 -26"><span class='ocrx_word' id='word_1_25' title='bbox 64 899 131 966; x_wconf 76' lang='lat' dir='ltr'><strong>luc</strong></span> <span class='ocrx_word' id='word_1_26' title='bbox 153 921 253 982; x_wconf 74' lang='lat' dir='ltr'><strong>sum,</strong></span> <span class='ocrx_word' id='word_1_27' title='bbox 281 914 304 968; x_wconf 93' lang='grc'><strong>1.</strong></span> <span class='ocrx_word' id='word_1_28' title='bbox 323 929 349 968; x_wconf 88' lang='lat' dir='ltr'><strong>e.</strong></span> <span class='ocrx_word' id='word_1_29' title='bbox 371 915 531 987; x_wconf 81' lang='lat' dir='ltr'><strong>postquam</strong></span> <span class='ocrx_word' id='word_1_30' title='bbox 553 931 581 971; x_wconf 83' lang='lat' dir='ltr'><strong>v.</strong></span> <span class='ocrx_word' id='word_1_31' title='bbox 604 910 634 970; x_wconf 90' lang='lat' dir='ltr'><strong>h.</strong></span> <span class='ocrx_word' id='word_1_32' title='bbox 657 931 691 984; x_wconf 91' lang='lat' dir='ltr'><strong>s.,</strong></span> <span class='ocrx_word' id='word_1_33' title='bbox 715 931 752 971; x_wconf 83' lang='lat' dir='ltr'><strong>ex</strong></span> <span class='ocrx_word' id='word_1_34' title='bbox 773 912 972 990; x_wconf 74' lang='lat' dir='ltr'><strong>navigatione,</strong></span> <span class='ocrx_word' id='word_1_35' title='bbox 996 911 1032 971; x_wconf 83' lang='lat' dir='ltr'><strong>ci.</strong></span> <span class='ocrx_word' id='word_1_36' title='bbox 1056 913 1135 972; x_wconf 75' lang='lat' dir='ltr'><strong>iufra</strong></span> <span class='ocrx_word' id='word_1_37' title='bbox 1159 915 1230 974; x_wconf 98' lang='grc'><strong>726.</strong></span> 
     </span>
     <span class='ocr_line' id='line_1_5' title="bbox 65 1007 1231 1087; baseline 0.009 -22"><span class='ocrx_word' id='word_1_38' title='bbox 65 1007 153 1068; x_wconf 83' lang='lat' dir='ltr'><strong>Men.</strong></span> <span class='ocrx_word' id='word_1_39' title='bbox 176 1011 277 1070; x_wconf 76' lang='lat'><strong>622:</strong></span> <span class='ocrx_word' id='word_1_40' title='bbox 304 1010 403 1085; x_wconf 77' lang='lat' dir='ltr'><strong>„Quin</strong></span> <span class='ocrx_word' id='word_1_41' title='bbox 424 1017 459 1070; x_wconf 84' lang='lat' dir='ltr'><strong>ut</strong></span> <span class='ocrx_word' id='word_1_42' title='bbox 481 1011 593 1072; x_wconf 85' lang='lat' dir='ltr'><strong>dudum</strong></span> <span class='ocrx_word' id='word_1_43' title='bbox 615 1013 735 1073; x_wconf 86' lang='lat' dir='ltr'><strong>deuerti</strong></span> <span class='ocrx_word' id='word_1_44' title='bbox 757 1013 810 1072; x_wconf 79' lang='lat' dir='ltr'><strong>ebs</strong></span> <span class='ocrx_word' id='word_1_45' title='bbox 832 1019 878 1087; x_wconf 88' lang='lat' dir='ltr'><strong>te,</strong></span> <span class='ocrx_word' id='word_1_46' title='bbox 901 1013 991 1072; x_wconf 84' lang='lat' dir='ltr'><strong>redeo</strong></span> <span class='ocrx_word' id='word_1_47' title='bbox 1013 1033 1092 1074; x_wconf 88' lang='lat' dir='ltr'><strong>nunc</strong></span> <span class='ocrx_word' id='word_1_48' title='bbox 1114 1015 1231 1076; x_wconf 87' lang='lat' dir='ltr'><strong>demum</strong></span> 
     </span>
     <span class='ocr_line' id='line_1_6' title="bbox 66 1111 1231 1195; baseline 0.009 -28"><span class='ocrx_word' id='word_1_49' title='bbox 66 1111 243 1173; x_wconf 62' lang='lat' dir='ltr'><strong>dommffl.</strong></span> <span class='ocrx_word' id='word_1_50' title='bbox 266 1143 314 1155; x_wconf 93' lang='lat'>—</span> <span class='ocrx_word' id='word_1_51' title='bbox 338 1117 409 1174; x_wconf 88' lang='grc'><strong>328.</strong></span> <span class='ocrx_word' id='word_1_52' title='bbox 433 1115 525 1176; x_wconf 80' lang='lat' dir='ltr'><strong>cerlo.</strong></span> <span class='ocrx_word' id='word_1_53' title='bbox 555 1115 731 1175; x_wconf 70' lang='lat' dir='ltr'><strong>Fleckeisen</strong></span> <span class='ocrx_word' id='word_1_54' title='bbox 752 1118 785 1176; x_wconf 90' lang='grc'><strong>16</strong></span> <span class='ocrx_word' id='word_1_55' title='bbox 806 1117 924 1195; x_wconf 78' lang='lat' dir='ltr'><strong>proeiet.</strong></span> <span class='ocrx_word' id='word_1_56' title='bbox 942 1137 972 1195; x_wconf 89' lang='lat' dir='ltr'><strong>p.</strong></span> <span class='ocrx_word' id='word_1_57' title='bbox 995 1118 1032 1175; x_wconf 93' lang='grc'><strong>17</strong></span> <span class='ocrx_word' id='word_1_58' title='bbox 1056 1117 1138 1178; x_wconf 77' lang='lat' dir='ltr'><strong>certe</strong></span> <span class='ocrx_word' id='word_1_59' title='bbox 1159 1121 1231 1178; x_wconf 88' lang='lat' dir='ltr'><strong>scri·</strong></span> 
     </span>
     <span class='ocr_line' id='line_1_7' title="bbox 66 1212 1233 1298; baseline 0.011 -28"><span class='ocrx_word' id='word_1_60' title='bbox 66 1212 217 1276; x_wconf 83' lang='lat' dir='ltr'><strong>bendum</strong></span> <span class='ocrx_word' id='word_1_61' title='bbox 253 1223 375 1291; x_wconf 81' lang='lat' dir='ltr'><strong>censet3</strong></span> <span class='ocrx_word' id='word_1_62' title='bbox 409 1218 459 1276; x_wconf 84' lang='lat' dir='ltr'><strong>vix</strong></span> <span class='ocrx_word' id='word_1_63' title='bbox 486 1237 572 1296; x_wconf 87' lang='lat' dir='ltr'><strong>opus.</strong></span> <span class='ocrx_word' id='word_1_64' title='bbox 600 1247 650 1298; x_wconf 75' lang='lat'><strong>⁸·.</strong></span> <span class='ocrx_word' id='word_1_65' title='bbox 675 1220 747 1279; x_wconf 83' lang='grc'><strong>329.</strong></span> <span class='ocrx_word' id='word_1_66' title='bbox 769 1213 857 1280; x_wconf 75' lang='lat' dir='ltr'><strong>Hinc</strong></span> <span class='ocrx_word' id='word_1_67' title='bbox 883 1216 968 1279; x_wconf 77' lang='lat' dir='ltr'><strong>enim</strong></span> <span class='ocrx_word' id='word_1_68' title='bbox 994 1215 1076 1280; x_wconf 78' lang='lat' dir='ltr'><strong>milli</strong></span> <span class='ocrx_word' id='word_1_69' title='bbox 1103 1216 1233 1284; x_wconf 79' lang='lat' dir='ltr'><strong>dextera</strong></span> 
     </span>
     <span class='ocr_line' id='line_1_8' title="bbox 68 1315 1229 1394; baseline 0.006 -19"><span class='ocrx_word' id='word_1_70' title='bbox 68 1315 166 1376; x_wconf 84' lang='lat' dir='ltr'><strong>codd.</strong></span> <span class='ocrx_word' id='word_1_71' title='bbox 188 1319 338 1378; x_wconf 80' lang='lat' dir='ltr'><strong>turbetis</strong></span> <span class='ocrx_word' id='word_1_72' title='bbox 355 1321 497 1380; x_wconf 82' lang='lat' dir='ltr'><strong>numeris.</strong></span> <span class='ocrx_word' id='word_1_73' title='bbox 531 1319 593 1378; x_wconf 82' lang='lat' dir='ltr'><strong>FL:</strong></span> <span class='ocrx_word' id='word_1_74' title='bbox 622 1319 716 1394; x_wconf 83' lang='lat' dir='ltr'><strong>,Hinc</strong></span> <span class='ocrx_word' id='word_1_75' title='bbox 738 1323 817 1380; x_wconf 82' lang='lat' dir='ltr'><strong>cuim</strong></span> <span class='ocrx_word' id='word_1_76' title='bbox 841 1321 945 1380; x_wconf 80' lang='lat' dir='ltr'><strong>dextre</strong></span> <span class='ocrx_word' id='word_1_77' title='bbox 966 1319 1071 1394; x_wconf 52' lang='lat' dir='ltr'><strong>mihi‘f.</strong></span> <span class='ocrx_word' id='word_1_78' title='bbox 1105 1323 1229 1383; x_wconf 77' lang='lat' dir='ltr'><strong>Muller:</strong></span> 
     </span>
     <span class='ocr_line' id='line_1_9' title="bbox 74 1417 1232 1503; baseline 0.009 -28"><span class='ocrx_word' id='word_1_79' title='bbox 74 1417 182 1488; x_wconf 80' lang='lat' dir='ltr'><strong>„Hinc</strong></span> <span class='ocrx_word' id='word_1_80' title='bbox 216 1425 305 1481; x_wconf 82' lang='lat' dir='ltr'><strong>enim</strong></span> <span class='ocrx_word' id='word_1_81' title='bbox 335 1422 410 1481; x_wconf 87' lang='lat' dir='ltr'><strong>mihi</strong></span> <span class='ocrx_word' id='word_1_82' title='bbox 436 1442 495 1482; x_wconf 83' lang='lat' dir='ltr'><strong>vox</strong></span> <span class='ocrx_word' id='word_1_83' title='bbox 523 1422 647 1482; x_wconf 81' lang='lat' dir='ltr'><strong>dextere</strong></span> <span class='ocrx_word' id='word_1_84' title='bbox 668 1421 768 1483; x_wconf 83' lang='lat' dir='ltr'><strong>euris“</strong></span> <span class='ocrx_word' id='word_1_85' title='bbox 793 1423 921 1496; x_wconf 77' lang='lat' dir='ltr'><strong>mavult,</strong></span> <span class='ocrx_word' id='word_1_86' title='bbox 945 1427 1016 1502; x_wconf 83' lang='lat' dir='ltr'><strong>quis</strong></span> <span class='ocrx_word' id='word_1_87' title='bbox 1038 1431 1232 1503; x_wconf 70' lang='lat' dir='ltr'><strong>syncopatum</strong></span> 
     </span>
     <span class='ocr_line' id='line_1_10' title="bbox 71 1519 1231 1604; baseline 0.007 -26"><span class='ocrx_word' id='word_1_88' title='bbox 71 1519 215 1581; x_wconf 79' lang='lat' dir='ltr'><strong>somam</strong></span> <span class='ocrx_word' id='word_1_89' title='bbox 247 1522 394 1599; x_wconf 79' lang='lat' dir='ltr'><strong>„dextre“</strong></span> <span class='ocrx_word' id='word_1_90' title='bbox 421 1545 439 1582; x_wconf 89' lang='grc'><strong>6</strong></span> <span class='ocrx_word' id='word_1_91' title='bbox 460 1524 567 1584; x_wconf 78' lang='lat' dir='ltr'><strong>Plauto</strong></span> <span class='ocrx_word' id='word_1_92' title='bbox 589 1525 756 1599; x_wconf 76' lang='lat' dir='ltr'><strong>abiudicst,</strong></span> <span class='ocrx_word' id='word_1_93' title='bbox 780 1525 862 1604; x_wconf 88' lang='lat' dir='ltr'><strong>quod</strong></span> <span class='ocrx_word' id='word_1_94' title='bbox 885 1545 944 1604; x_wconf 92' lang='lat' dir='ltr'><strong>quo</strong></span> <span class='ocrx_word' id='word_1_95' title='bbox 967 1528 1032 1584; x_wconf 89' lang='lat' dir='ltr'><strong>iure</strong></span> <span class='ocrx_word' id='word_1_96' title='bbox 1054 1527 1153 1601; x_wconf 84' lang='grc'><strong>166166,</strong></span> <span class='ocrx_word' id='word_1_97' title='bbox 1177 1527 1231 1587; x_wconf 91' lang='lat' dir='ltr'><strong>du·</strong></span> 
     </span>
     <span class='ocr_line' id='line_1_11' title="bbox 71 1621 1232 1707; baseline 0.005 -24"><span class='ocrx_word' id='word_1_98' title='bbox 71 1621 154 1698; x_wconf 75' lang='lat' dir='ltr'>bIto,</span> <span class='ocrx_word' id='word_1_99' title='bbox 179 1626 258 1686; x_wconf 80' lang='lat' dir='ltr'><strong>vid.</strong></span> <span class='ocrx_word' id='word_1_100' title='bbox 276 1649 307 1706; x_wconf 87' lang='lat' dir='ltr'><strong>p.</strong></span> <span class='ocrx_word' id='word_1_101' title='bbox 326 1629 398 1686; x_wconf 78' lang='lat'><strong>211.</strong></span> <span class='ocrx_word' id='word_1_102' title='bbox 427 1627 572 1702; x_wconf 70' lang='lat' dir='ltr'><strong>Lindem,</strong></span> <span class='ocrx_word' id='word_1_103' title='bbox 596 1629 649 1706; x_wconf 85' lang='lat' dir='ltr'><strong>qui</strong></span> <span class='ocrx_word' id='word_1_104' title='bbox 669 1631 914 1706; x_wconf 74' lang='lat' dir='ltr'><strong>prepositionem</strong></span> <span class='ocrx_word' id='word_1_105' title='bbox 936 1628 1042 1687; x_wconf 80' lang='lat' dir='ltr'><strong>abesse</strong></span> <span class='ocrx_word' id='word_1_106' title='bbox 1064 1649 1123 1688; x_wconf 90' lang='lat' dir='ltr'><strong>non</strong></span> <span class='ocrx_word' id='word_1_107' title='bbox 1144 1650 1232 1707; x_wconf 88' lang='lat' dir='ltr'><strong>posse</strong></span> 
     </span>
     <span class='ocr_line' id='line_1_12' title="bbox 74 1727 1232 1809; baseline 0.005 -25"><span class='ocrx_word' id='word_1_108' title='bbox 74 1727 254 1789; x_wconf 76' lang='lat' dir='ltr'><strong>censebat:</strong></span> <span class='ocrx_word' id='word_1_109' title='bbox 292 1730 387 1803; x_wconf 86' lang='lat' dir='ltr'><strong>„Hinc</strong></span> <span class='ocrx_word' id='word_1_110' title='bbox 409 1731 451 1789; x_wconf 90' lang='lat' dir='ltr'><strong>mi</strong></span> <span class='ocrx_word' id='word_1_111' title='bbox 473 1749 491 1788; x_wconf 85' lang='grc'><strong>6</strong></span> <span class='ocrx_word' id='word_1_112' title='bbox 513 1729 639 1789; x_wconf 82' lang='lat' dir='ltr'><strong>dextere</strong></span> <span class='ocrx_word' id='word_1_113' title='bbox 660 1727 757 1804; x_wconf 85' lang='lat' dir='ltr'><strong>uox“;</strong></span> <span class='ocrx_word' id='word_1_114' title='bbox 786 1751 875 1808; x_wconf 88' lang='lat' dir='ltr'><strong>quem</strong></span> <span class='ocrx_word' id='word_1_115' title='bbox 898 1734 929 1790; x_wconf 89' lang='grc'><strong>16</strong></span> <span class='ocrx_word' id='word_1_116' title='bbox 951 1729 1056 1788; x_wconf 79' lang='lat' dir='ltr'><strong>fabule</strong></span> <span class='ocrx_word' id='word_1_117' title='bbox 1076 1731 1158 1809; x_wconf 75' lang='lat' dir='ltr'><strong>typis</strong></span> <span class='ocrx_word' id='word_1_118' title='bbox 1181 1732 1232 1790; x_wconf 87' lang='lat' dir='ltr'><strong>de·</strong></span> 
     </span>
     <span class='ocr_line' id='line_1_13' title="bbox 76 1829 1234 1911; baseline 0.006 -24"><span class='ocrx_word' id='word_1_119' title='bbox 76 1829 259 1892; x_wconf 77' lang='lat' dir='ltr'><strong>scribenda</strong></span> <span class='ocrx_word' id='word_1_120' title='bbox 280 1838 401 1891; x_wconf 79' lang='grc'><strong>6666666</strong></span> <span class='ocrx_word' id='word_1_121' title='bbox 423 1848 501 1906; x_wconf 87' lang='lat' dir='ltr'><strong>sum,</strong></span> <span class='ocrx_word' id='word_1_122' title='bbox 525 1838 651 1906; x_wconf 83' lang='lat' dir='ltr'><strong>temere,</strong></span> <span class='ocrx_word' id='word_1_123' title='bbox 680 1852 749 1891; x_wconf 86' lang='lat' dir='ltr'><strong>num</strong></span> <span class='ocrx_word' id='word_1_124' title='bbox 776 1835 841 1892; x_wconf 87' lang='lat' dir='ltr'><strong>sine</strong></span> <span class='ocrx_word' id='word_1_125' title='bbox 869 1833 1081 1911; x_wconf 74' lang='lat' dir='ltr'><strong>prepositicne</strong></span> <span class='ocrx_word' id='word_1_126' title='bbox 1104 1829 1234 1894; x_wconf 74' lang='lat' dir='ltr'><strong>dextera</strong></span> 
     </span>
     <span class='ocr_line' id='line_1_14' title="bbox 79 1931 1231 2013; baseline 0.006 -25"><span class='ocrx_word' id='word_1_127' title='bbox 79 1931 198 1992; x_wconf 80' lang='lat' dir='ltr'><strong>eedem</strong></span> <span class='ocrx_word' id='word_1_128' title='bbox 229 1935 264 1994; x_wconf 81' lang='lat' dir='ltr'><strong>vi</strong></span> <span class='ocrx_word' id='word_1_129' title='bbox 290 1935 415 2012; x_wconf 80' lang='lat' dir='ltr'><strong>ponitur</strong></span> <span class='ocrx_word' id='word_1_130' title='bbox 443 1953 535 2013; x_wconf 74' lang='lat' dir='ltr'><strong>supra</strong></span> <span class='ocrx_word' id='word_1_131' title='bbox 556 1955 584 1994; x_wconf 85' lang='lat' dir='ltr'><strong>v.</strong></span> <span class='ocrx_word' id='word_1_132' title='bbox 609 1935 681 1994; x_wconf 82' lang='lat'><strong>239.</strong></span> <span class='ocrx_word' id='word_1_133' title='bbox 726 1933 825 2008; x_wconf 75' lang='lat' dir='ltr'><strong>Quare</strong></span> <span class='ocrx_word' id='word_1_134' title='bbox 852 1934 882 1995; x_wconf 91' lang='lat' dir='ltr'><strong>h.</strong></span> <span class='ocrx_word' id='word_1_135' title='bbox 906 1935 926 1993; x_wconf 95' lang='lat' dir='ltr'><strong>l.</strong></span> <span class='ocrx_word' id='word_1_136' title='bbox 949 1940 1002 1994; x_wconf 87' lang='grc'><strong>666</strong></span> <span class='ocrx_word' id='word_1_137' title='bbox 1029 1935 1138 1995; x_wconf 88' lang='lat' dir='ltr'><strong>omisso</strong></span> <span class='ocrx_word' id='word_1_138' title='bbox 1167 1955 1231 1995; x_wconf 87' lang='lat' dir='ltr'><strong>voc.</strong></span> 
     </span>
     <span class='ocr_line' id='line_1_15' title="bbox 86 2033 1232 2112; baseline 0.004 -21"><span class='ocrx_word' id='word_1_139' title='bbox 86 2033 216 2106; x_wconf 78' lang='lat' dir='ltr'>,enim“</span> <span class='ocrx_word' id='word_1_140' title='bbox 251 2036 441 2096; x_wconf 84' lang='lat' dir='ltr'><strong>scribendum</strong></span> <span class='ocrx_word' id='word_1_141' title='bbox 469 2043 551 2096; x_wconf 82' lang='lat' dir='ltr'><strong>eret:</strong></span> <span class='ocrx_word' id='word_1_142' title='bbox 577 2035 770 2111; x_wconf 79' lang='grc'><strong>,1116016161</strong></span> <span class='ocrx_word' id='word_1_143' title='bbox 793 2033 1028 2110; x_wconf 83' lang='lat' dir='ltr'><strong>dextersuox“,</strong></span> <span class='ocrx_word' id='word_1_144' title='bbox 1053 2042 1105 2095; x_wconf 86' lang='lat' dir='ltr'><strong>eut</strong></span> <span class='ocrx_word' id='word_1_145' title='bbox 1128 2057 1232 2112; x_wconf 86' lang='lat' dir='ltr'><strong>synco-</strong></span> 
     </span>
     <span class='ocr_line' id='line_1_16' title="bbox 82 2135 1234 2212; baseline 0.003 -17"><span class='ocrx_word' id='word_1_146' title='bbox 82 2141 161 2210; x_wconf 71' lang='lat' dir='ltr'><strong>pata</strong></span> <span class='ocrx_word' id='word_1_147' title='bbox 186 2139 337 2198; x_wconf 79' lang='lat' dir='ltr'><strong>adiectivi</strong></span> <span class='ocrx_word' id='word_1_148' title='bbox 364 2138 475 2198; x_wconf 77' lang='lat' dir='ltr'><strong>forms:</strong></span> <span class='ocrx_word' id='word_1_149' title='bbox 507 2137 602 2212; x_wconf 86' lang='lat' dir='ltr'><strong>,Hinc</strong></span> <span class='ocrx_word' id='word_1_150' title='bbox 625 2139 704 2198; x_wconf 89' lang='lat' dir='ltr'><strong>euim</strong></span> <span class='ocrx_word' id='word_1_151' title='bbox 725 2139 799 2198; x_wconf 85' lang='lat' dir='ltr'><strong>mihi</strong></span> <span class='ocrx_word' id='word_1_152' title='bbox 822 2139 929 2198; x_wconf 79' lang='lat' dir='ltr'><strong>dextre</strong></span> <span class='ocrx_word' id='word_1_153' title='bbox 949 2135 1039 2198; x_wconf 81' lang='lat' dir='ltr'><strong>ucx“.</strong></span> <span class='ocrx_word' id='word_1_154' title='bbox 1063 2169 1107 2178; x_wconf 90' lang='lat'><em>-</em></span> <span class='ocrx_word' id='word_1_155' title='bbox 1128 2135 1234 2199; x_wconf 80' lang='lat' dir='ltr'><strong>uerbe-</strong></span> 
     </span>
     <span class='ocr_line' id='line_1_17' title="bbox 86 2240 1232 2320; baseline 0.003 -25"><span class='ocrx_word' id='word_1_156' title='bbox 86 2251 164 2298; x_wconf 81' lang='lat' dir='ltr'><strong>rare</strong></span> <span class='ocrx_word' id='word_1_157' title='bbox 182 2240 226 2300; x_wconf 86' lang='lat' dir='ltr'><strong>de</strong></span> <span class='ocrx_word' id='word_1_158' title='bbox 244 2261 319 2300; x_wconf 87' lang='lat' dir='ltr'><strong>sone</strong></span> <span class='ocrx_word' id='word_1_159' title='bbox 336 2247 389 2300; x_wconf 81' lang='lat' dir='ltr'><strong>eut</strong></span> <span class='ocrx_word' id='word_1_160' title='bbox 403 2261 478 2300; x_wconf 80' lang='lat' dir='ltr'><strong>voce</strong></span> <span class='ocrx_word' id='word_1_161' title='bbox 495 2241 603 2318; x_wconf 72' lang='lat' dir='ltr'><strong>sepius</strong></span> <span class='ocrx_word' id='word_1_162' title='bbox 620 2243 751 2320; x_wconf 80' lang='lat' dir='ltr'><strong>repetite</strong></span> <span class='ocrx_word' id='word_1_163' title='bbox 767 2245 798 2300; x_wconf 89' lang='grc'><strong>66</strong></span> <span class='ocrx_word' id='word_1_164' title='bbox 815 2243 935 2318; x_wconf 75' lang='lat' dir='ltr'><strong>ingrata</strong></span> <span class='ocrx_word' id='word_1_165' title='bbox 951 2242 1052 2300; x_wconf 85' lang='lat' dir='ltr'><strong>multis</strong></span> <span class='ocrx_word' id='word_1_166' title='bbox 1063 2240 1135 2300; x_wconf 89' lang='lat' dir='ltr'><strong>locis</strong></span> <span class='ocrx_word' id='word_1_167' title='bbox 1147 2243 1232 2320; x_wconf 89' lang='lat' dir='ltr'><strong>poni·</strong></span> 
     </span>
     <span class='ocr_line' id='line_1_18' title="bbox 86 2341 1231 2422; baseline 0.005 -26"><span class='ocrx_word' id='word_1_168' title='bbox 86 2345 149 2414; x_wconf 83' lang='lat' dir='ltr'><strong>tur,</strong></span> <span class='ocrx_word' id='word_1_169' title='bbox 174 2344 266 2402; x_wconf 84' lang='lat' dir='ltr'><strong>velut</strong></span> <span class='ocrx_word' id='word_1_170' title='bbox 286 2343 406 2402; x_wconf 88' lang='lat' dir='ltr'><strong>Trucul.</strong></span> <span class='ocrx_word' id='word_1_171' title='bbox 434 2345 509 2402; x_wconf 68' lang='grc'><strong>1136</strong></span> <span class='ocrx_word' id='word_1_172' title='bbox 540 2343 609 2418; x_wconf 82' lang='lat' dir='ltr'><strong>,Me</strong></span> <span class='ocrx_word' id='word_1_173' title='bbox 630 2344 690 2404; x_wconf 83' lang='lat' dir='ltr'><strong>illis</strong></span> <span class='ocrx_word' id='word_1_174' title='bbox 713 2344 834 2422; x_wconf 86' lang='lat' dir='ltr'><strong>quidem</strong></span> <span class='ocrx_word' id='word_1_175' title='bbox 857 2343 920 2403; x_wconf 79' lang='lat' dir='ltr'><strong>lraec</strong></span> <span class='ocrx_word' id='word_1_176' title='bbox 941 2343 1082 2402; x_wconf 80' lang='lat' dir='ltr'><strong>verberat</strong></span> <span class='ocrx_word' id='word_1_177' title='bbox 1104 2341 1231 2403; x_wconf 83' lang='lat' dir='ltr'><strong>verbis“.</strong></span> 
     </span>
     <span class='ocr_line' id='line_1_19' title="bbox 91 2438 1233 2525; baseline 0.006 -28"><span class='ocrx_word' id='word_1_178' title='bbox 91 2438 219 2504; x_wconf 76' lang='lat' dir='ltr'><strong>Cicero:</strong></span> <span class='ocrx_word' id='word_1_179' title='bbox 248 2444 424 2519; x_wconf 70' lang='lat' dir='ltr'><strong>„verberare</strong></span> <span class='ocrx_word' id='word_1_180' title='bbox 446 2445 578 2523; x_wconf 79' lang='lat' dir='ltr'><strong>sh&#39;quem</strong></span> <span class='ocrx_word' id='word_1_181' title='bbox 600 2444 754 2506; x_wconf 79' lang='lat' dir='ltr'><strong>convicio“</strong></span> <span class='ocrx_word' id='word_1_182' title='bbox 780 2446 837 2525; x_wconf 74' lang='lat' dir='ltr'><strong>Ep.</strong></span> <span class='ocrx_word' id='word_1_183' title='bbox 860 2446 899 2505; x_wconf 83' lang='lat' dir='ltr'><strong>ed</strong></span> <span class='ocrx_word' id='word_1_184' title='bbox 921 2445 1005 2506; x_wconf 78' lang='lat' dir='ltr'><strong>Fam.</strong></span> <span class='ocrx_word' id='word_1_185' title='bbox 1025 2445 1104 2520; x_wconf 98' lang='lat' dir='ltr'>XVI,</span> <span class='ocrx_word' id='word_1_186' title='bbox 1129 2447 1179 2504; x_wconf 90' lang='grc'><strong>26.</strong></span> <span class='ocrx_word' id='word_1_187' title='bbox 1202 2448 1233 2505; x_wconf 93' lang='grc'><strong>16</strong></span> 
     </span>
     <span class='ocr_line' id='line_1_20' title="bbox 90 2541 1233 2626; baseline 0.003 -22"><span class='ocrx_word' id='word_1_188' title='bbox 90 2541 198 2608; x_wconf 87' lang='lat' dir='ltr'><strong>Piscn.</strong></span> <span class='ocrx_word' id='word_1_189' title='bbox 225 2549 282 2622; x_wconf 87' lang='grc'><strong>26,</strong></span> <span class='ocrx_word' id='word_1_190' title='bbox 308 2549 358 2608; x_wconf 88' lang='grc'><strong>63.</strong></span> <span class='ocrx_word' id='word_1_191' title='bbox 407 2548 530 2608; x_wconf 81' lang='grc' dir='ltr'><strong>Τ661660</strong></span> <span class='ocrx_word' id='word_1_192' title='bbox 562 2554 662 2608; x_wconf 79' lang='grc'><strong>666616</strong></span> <span class='ocrx_word' id='word_1_193' title='bbox 690 2549 762 2626; x_wconf 79' lang='lat' dir='ltr'><strong>Agr.</strong></span> <span class='ocrx_word' id='word_1_194' title='bbox 787 2550 843 2608; x_wconf 80' lang='lat'><strong>41:</strong></span> <span class='ocrx_word' id='word_1_195' title='bbox 883 2547 1016 2624; x_wconf 81' lang='lat' dir='ltr'><strong>„Quibus</strong></span> <span class='ocrx_word' id='word_1_196' title='bbox 1047 2549 1233 2608; x_wconf 84' lang='lat' dir='ltr'><strong>sermonibus</strong></span> 
     </span>
     <span class='ocr_line' id='line_1_21' title="bbox 93 2649 1233 2728; baseline 0.003 -23"><span class='ocrx_word' id='word_1_197' title='bbox 93 2649 169 2708; x_wconf 82' lang='lat' dir='ltr'><strong>setis</strong></span> <span class='ocrx_word' id='word_1_198' title='bbox 205 2655 327 2710; x_wconf 84' lang='grc'><strong>6066666</strong></span> <span class='ocrx_word' id='word_1_199' title='bbox 347 2650 513 2710; x_wconf 71' lang='lat' dir='ltr'><strong>Domitiani</strong></span> <span class='ocrx_word' id='word_1_200' title='bbox 547 2669 666 2728; x_wconf 88' lang='lat' dir='ltr'><strong>quoque</strong></span> <span class='ocrx_word' id='word_1_201' title='bbox 699 2670 785 2711; x_wconf 85' lang='lat' dir='ltr'><strong>eures</strong></span> <span class='ocrx_word' id='word_1_202' title='bbox 818 2649 1022 2710; x_wconf 59' lang='lat' dir='ltr'><strong>verberarent</strong></span> <span class='ocrx_word' id='word_1_203' title='bbox 1067 2651 1166 2725; x_wconf 83' lang='grc'><strong>80616,</strong></span> <span class='ocrx_word' id='word_1_204' title='bbox 1198 2657 1233 2710; x_wconf 90' lang='grc'><strong>66</strong></span> 
     </span>
     <span class='ocr_line' id='line_1_22' title="bbox 94 2750 1232 2831; baseline 0.005 -25"><span class='ocrx_word' id='word_1_205' title='bbox 94 2751 185 2828; x_wconf 82' lang='grc'><strong>66166,</strong></span> <span class='ocrx_word' id='word_1_206' title='bbox 209 2755 243 2812; x_wconf 92' lang='grc'><strong>16</strong></span> <span class='ocrx_word' id='word_1_207' title='bbox 264 2753 390 2831; x_wconf 81' lang='lat' dir='ltr'><strong>proprie</strong></span> <span class='ocrx_word' id='word_1_208' title='bbox 410 2757 493 2812; x_wconf 79' lang='lat' dir='ltr'><strong>vocis</strong></span> <span class='ocrx_word' id='word_1_209' title='bbox 514 2751 730 2831; x_wconf 77' lang='lat' dir='ltr'><strong>significatione</strong></span> <span class='ocrx_word' id='word_1_210' title='bbox 751 2753 838 2812; x_wconf 88' lang='lat' dir='ltr'><strong>ludit.</strong></span> <span class='ocrx_word' id='word_1_211' title='bbox 856 2783 900 2794; x_wconf 88' lang='lat'><strong>-</strong></span> <span class='ocrx_word' id='word_1_212' title='bbox 919 2755 990 2814; x_wconf 86' lang='grc'><strong>330.</strong></span> <span class='ocrx_word' id='word_1_213' title='bbox 1010 2750 1111 2815; x_wconf 77' lang='lat' dir='ltr'><strong>uicem</strong></span> <span class='ocrx_word' id='word_1_214' title='bbox 1126 2753 1232 2813; x_wconf 85' lang='lat' dir='ltr'><strong>Fleck-</strong></span> 
     </span>
     <span class='ocr_line' id='line_1_23' title="bbox 96 2853 1233 2934; baseline 0.006 -25"><span class='ocrx_word' id='word_1_215' title='bbox 96 2853 181 2913; x_wconf 79' lang='lat' dir='ltr'><strong>eisen</strong></span> <span class='ocrx_word' id='word_1_216' title='bbox 203 2855 316 2929; x_wconf 84' lang='lat' dir='ltr'><strong>edidit3</strong></span> <span class='ocrx_word' id='word_1_217' title='bbox 339 2858 383 2914; x_wconf 91' lang='lat' dir='ltr'><strong>sic</strong></span> <span class='ocrx_word' id='word_1_218' title='bbox 405 2855 485 2914; x_wconf 85' lang='lat' dir='ltr'><strong>enim</strong></span> <span class='ocrx_word' id='word_1_219' title='bbox 508 2854 649 2914; x_wconf 80' lang='lat' dir='ltr'><strong>dicebaut</strong></span> <span class='ocrx_word' id='word_1_220' title='bbox 671 2855 785 2929; x_wconf 74' lang='lat' dir='ltr'><strong>Latini,</strong></span> <span class='ocrx_word' id='word_1_221' title='bbox 810 2855 845 2914; x_wconf 84' lang='lat' dir='ltr'><strong>cf.</strong></span> <span class='ocrx_word' id='word_1_222' title='bbox 870 2855 955 2934; x_wconf 83' lang='lat' dir='ltr'><strong>Gept.</strong></span> <span class='ocrx_word' id='word_1_223' title='bbox 979 2859 1055 2917; x_wconf 85' lang='lat'>395:</span> <span class='ocrx_word' id='word_1_224' title='bbox 1084 2856 1145 2930; x_wconf 89' lang='lat' dir='ltr'><strong>„Ut</strong></span> <span class='ocrx_word' id='word_1_225' title='bbox 1167 2877 1233 2916; x_wconf 89' lang='lat' dir='ltr'><strong>eum</strong></span> 
     </span>
     <span class='ocr_line' id='line_1_24' title="bbox 97 2955 1232 3039; baseline 0.003 -25"><span class='ocrx_word' id='word_1_226' title='bbox 97 2955 233 3017; x_wconf 81' lang='lat' dir='ltr'><strong>redimet</strong></span> <span class='ocrx_word' id='word_1_227' title='bbox 255 2963 286 3017; x_wconf 84' lang='lat' dir='ltr'><strong>et</strong></span> <span class='ocrx_word' id='word_1_228' title='bbox 305 2959 443 3016; x_wconf 81' lang='lat' dir='ltr'><strong>remittet</strong></span> <span class='ocrx_word' id='word_1_229' title='bbox 461 2963 595 3017; x_wconf 78' lang='lat' dir='ltr'><strong>nostrum</strong></span> <span class='ocrx_word' id='word_1_230' title='bbox 614 2958 672 3017; x_wconf 88' lang='lat' dir='ltr'><strong>huc</strong></span> <span class='ocrx_word' id='word_1_231' title='bbox 692 2957 846 3017; x_wconf 75' lang='lat' dir='ltr'><strong>amborum</strong></span> <span class='ocrx_word' id='word_1_232' title='bbox 868 2957 992 3018; x_wconf 83' lang='lat' dir='ltr'><strong>vicem“.</strong></span> <span class='ocrx_word' id='word_1_233' title='bbox 1022 2959 1154 3039; x_wconf 72' lang='lat' dir='ltr'><strong>Madvig.</strong></span> <span class='ocrx_word' id='word_1_234' title='bbox 1166 2959 1232 3018; x_wconf 85' lang='lat' dir='ltr'><strong>Em.</strong></span> 
     </span>
     <span class='ocr_line' id='line_1_25' title="bbox 99 3055 350 3139; baseline 0.016 -24"><span class='ocrx_word' id='word_1_235' title='bbox 99 3055 165 3119; x_wconf 86' lang='lat' dir='ltr'><strong>Liv.</strong></span> <span class='ocrx_word' id='word_1_236' title='bbox 188 3081 221 3139; x_wconf 82' lang='lat' dir='ltr'><strong>p.</strong></span> <span class='ocrx_word' id='word_1_237' title='bbox 245 3061 263 3119; x_wconf 82' lang='lat'>9</span> <span class='ocrx_word' id='word_1_238' title='bbox 287 3065 350 3120; x_wconf 88' lang='grc'><strong>606.</strong></span> 
     </span>
    </p>

    <p class='ocr_par' dir='ltr' id='par_1_3' title="bbox 101 3157 1234 4466">
     <span class='ocr_line' id='line_1_26' title="bbox 188 3157 1231 3241; baseline -0.004 -19"><span class='ocrx_word' id='word_1_239' title='bbox 188 3163 260 3222; x_wconf 89' lang='grc'><strong>334.</strong></span> <span class='ocrx_word' id='word_1_240' title='bbox 284 3157 384 3223; x_wconf 76' lang='lat' dir='ltr'><strong>Ilicet</strong></span> <span class='ocrx_word' id='word_1_241' title='bbox 404 3161 555 3241; x_wconf 78' lang='lat' dir='ltr'><strong>significat</strong></span> <span class='ocrx_word' id='word_1_242' title='bbox 579 3170 696 3236; x_wconf 74' lang='grc'><strong>,606666</strong></span> <span class='ocrx_word' id='word_1_243' title='bbox 719 3161 793 3236; x_wconf 85' lang='lat' dir='ltr'><strong>est“,</strong></span> <span class='ocrx_word' id='word_1_244' title='bbox 818 3162 855 3224; x_wconf 88' lang='lat' dir='ltr'><strong>cf.</strong></span> <span class='ocrx_word' id='word_1_245' title='bbox 872 3162 957 3222; x_wconf 84' lang='lat' dir='ltr'><strong>Cure.</strong></span> <span class='ocrx_word' id='word_1_246' title='bbox 973 3163 1042 3220; x_wconf 87' lang='grc'><strong>186.</strong></span> <span class='ocrx_word' id='word_1_247' title='bbox 1067 3160 1231 3220; x_wconf 74' lang='grc' dir='ltr'><strong>0166512ε</strong></span> 
     </span>
     <span class='ocr_line' id='line_1_27' title="bbox 104 3262 1231 3343; baseline -0.001 -22"><span class='ocrx_word' id='word_1_248' title='bbox 104 3263 230 3333; x_wconf 81' lang='lat' dir='ltr'><strong>„Actum</strong></span> <span class='ocrx_word' id='word_1_249' title='bbox 253 3269 312 3337; x_wconf 80' lang='lat' dir='ltr'><strong>est3</strong></span> <span class='ocrx_word' id='word_1_250' title='bbox 336 3265 431 3339; x_wconf 71' lang='lat' dir='ltr'><strong>ilicet,</strong></span> <span class='ocrx_word' id='word_1_251' title='bbox 453 3285 500 3324; x_wconf 88' lang='lat' dir='ltr'><strong>me</strong></span> <span class='ocrx_word' id='word_1_252' title='bbox 522 3264 705 3325; x_wconf 62' lang='grc' dir='ltr'><strong>1666116661ιι</strong></span> <span class='ocrx_word' id='word_1_253' title='bbox 736 3265 825 3343; x_wconf 87' lang='lat' dir='ltr'><strong>Epid.</strong></span> <span class='ocrx_word' id='word_1_254' title='bbox 850 3266 921 3323; x_wconf 93' lang='grc'><strong>674.</strong></span> <span class='ocrx_word' id='word_1_255' title='bbox 952 3262 1043 3322; x_wconf 86' lang='lat' dir='ltr'><strong>Stich.</strong></span> <span class='ocrx_word' id='word_1_256' title='bbox 1070 3265 1140 3322; x_wconf 89' lang='grc'><strong>392.</strong></span> <span class='ocrx_word' id='word_1_257' title='bbox 1164 3263 1231 3321; x_wconf 87' lang='lat' dir='ltr'><strong>Ter.</strong></span> 
     </span>
     <span class='ocr_line' id='line_1_28' title="bbox 101 3361 1233 3446; baseline 0.003 -25"><span class='ocrx_word' id='word_1_258' title='bbox 101 3361 178 3425; x_wconf 82' lang='lat' dir='ltr'><strong>Eun.</strong></span> <span class='ocrx_word' id='word_1_259' title='bbox 203 3369 252 3424; x_wconf 90' lang='grc'><strong>54.</strong></span> <span class='ocrx_word' id='word_1_260' title='bbox 283 3368 354 3425; x_wconf 90' lang='grc'><strong>374.</strong></span> <span class='ocrx_word' id='word_1_261' title='bbox 388 3395 432 3406; x_wconf 86' lang='lat'><strong>--</strong></span> <span class='ocrx_word' id='word_1_262' title='bbox 465 3367 537 3426; x_wconf 86' lang='grc'><strong>335.</strong></span> <span class='ocrx_word' id='word_1_263' title='bbox 566 3361 711 3444; x_wconf 73' lang='lat' dir='ltr'><strong>conloqui</strong></span> <span class='ocrx_word' id='word_1_264' title='bbox 738 3368 869 3446; x_wconf 75' lang='lat' dir='ltr'><strong>aliquem</strong></span> <span class='ocrx_word' id='word_1_265' title='bbox 902 3373 936 3426; x_wconf 89' lang='lat' dir='ltr'><strong>ut</strong></span> <span class='ocrx_word' id='word_1_266' title='bbox 969 3365 1080 3442; x_wconf 79' lang='lat' dir='ltr'><strong>ulloqui</strong></span> <span class='ocrx_word' id='word_1_267' title='bbox 1108 3365 1233 3424; x_wconf 80' lang='lat' dir='ltr'><strong>Plautus</strong></span> 
     </span>
     <span class='ocr_line' id='line_1_29' title="bbox 103 3465 1231 3547; baseline 0.001 -23"><span class='ocrx_word' id='word_1_268' title='bbox 103 3465 235 3542; x_wconf 77' lang='lat' dir='ltr'><strong>dicebat,</strong></span> <span class='ocrx_word' id='word_1_269' title='bbox 260 3466 388 3528; x_wconf 78' lang='grc'><strong>661616.</strong></span> <span class='ocrx_word' id='word_1_270' title='bbox 414 3469 485 3528; x_wconf 89' lang='grc'><strong>891.</strong></span> <span class='ocrx_word' id='word_1_271' title='bbox 519 3469 602 3530; x_wconf 84' lang='lat' dir='ltr'><strong>Asin.</strong></span> <span class='ocrx_word' id='word_1_272' title='bbox 628 3471 699 3529; x_wconf 83' lang='grc'><strong>149.</strong></span> <span class='ocrx_word' id='word_1_273' title='bbox 725 3471 795 3528; x_wconf 90' lang='grc'><strong>519.</strong></span> <span class='ocrx_word' id='word_1_274' title='bbox 830 3468 915 3547; x_wconf 84' lang='lat' dir='ltr'><strong>Gspt.</strong></span> <span class='ocrx_word' id='word_1_275' title='bbox 941 3470 1012 3527; x_wconf 86' lang='grc'><strong>825.</strong></span> <span class='ocrx_word' id='word_1_276' title='bbox 1045 3467 1134 3526; x_wconf 90' lang='lat' dir='ltr'><strong>Most.</strong></span> <span class='ocrx_word' id='word_1_277' title='bbox 1160 3468 1231 3525; x_wconf 91' lang='grc'><strong>771.</strong></span> 
     </span>
     <span class='ocr_line' id='line_1_30' title="bbox 102 3565 1231 3648; baseline 0.001 -21"><span class='ocrx_word' id='word_1_278' title='bbox 102 3567 180 3629; x_wconf 84' lang='lat' dir='ltr'><strong>Men.</strong></span> <span class='ocrx_word' id='word_1_279' title='bbox 205 3572 279 3630; x_wconf 87' lang='grc'><strong>422.</strong></span> <span class='ocrx_word' id='word_1_280' title='bbox 322 3570 430 3630; x_wconf 85' lang='lat' dir='ltr'><strong>Pseud.</strong></span> <span class='ocrx_word' id='word_1_281' title='bbox 455 3573 526 3631; x_wconf 90' lang='grc'><strong>246.</strong></span> <span class='ocrx_word' id='word_1_282' title='bbox 568 3573 638 3632; x_wconf 89' lang='grc'><strong>253.</strong></span> <span class='ocrx_word' id='word_1_283' title='bbox 666 3603 711 3613; x_wconf 97' lang='grc'>-</span> <span class='ocrx_word' id='word_1_284' title='bbox 744 3573 815 3630; x_wconf 88' lang='grc'><strong>336.</strong></span> <span class='ocrx_word' id='word_1_285' title='bbox 845 3565 952 3648; x_wconf 72' lang='lat' dir='ltr'><strong>Iyilur</strong></span> <span class='ocrx_word' id='word_1_286' title='bbox 978 3569 1055 3628; x_wconf 82' lang='lat' dir='ltr'><strong>mule</strong></span> <span class='ocrx_word' id='word_1_287' title='bbox 1084 3571 1115 3627; x_wconf 92' lang='lat' dir='ltr'><strong>in</strong></span> <span class='ocrx_word' id='word_1_288' title='bbox 1146 3568 1231 3628; x_wconf 87' lang='lat' dir='ltr'><strong>codd.</strong></span> 
     </span>
     <span class='ocr_line' id='line_1_31' title="bbox 104 3669 1234 3752; baseline 0.001 -23"><span class='ocrx_word' id='word_1_289' title='bbox 104 3673 238 3732; x_wconf 79' lang='lat' dir='ltr'><strong>additum</strong></span> <span class='ocrx_word' id='word_1_290' title='bbox 261 3692 318 3731; x_wconf 90' lang='lat' dir='ltr'><strong>om.</strong></span> <span class='ocrx_word' id='word_1_291' title='bbox 342 3673 423 3732; x_wconf 78' lang='lat' dir='ltr'><strong>Cum.</strong></span> <span class='ocrx_word' id='word_1_292' title='bbox 446 3703 490 3714; x_wconf 89' lang='lat'>-</span> <span class='ocrx_word' id='word_1_293' title='bbox 514 3669 584 3752; x_wconf 74' lang='lat' dir='ltr'><strong>Qui,</strong></span> <span class='ocrx_word' id='word_1_294' title='bbox 607 3675 627 3734; x_wconf 87' lang='lat' dir='ltr'><strong>i.</strong></span> <span class='ocrx_word' id='word_1_295' title='bbox 646 3694 671 3734; x_wconf 93' lang='lat' dir='ltr'><strong>e.</strong></span> <span class='ocrx_word' id='word_1_296' title='bbox 695 3672 768 3747; x_wconf 75' lang='lat' dir='ltr'><strong>Quo.</strong></span> <span class='ocrx_word' id='word_1_297' title='bbox 802 3672 930 3749; x_wconf 78' lang='lat' dir='ltr'><strong>Seyffert</strong></span> <span class='ocrx_word' id='word_1_298' title='bbox 951 3673 982 3729; x_wconf 92' lang='grc'><strong>16</strong></span> <span class='ocrx_word' id='word_1_299' title='bbox 1005 3671 1111 3731; x_wconf 90' lang='lat' dir='ltr'><strong>Philol.</strong></span> <span class='ocrx_word' id='word_1_300' title='bbox 1132 3671 1234 3730; x_wconf 82' lang='lat' dir='ltr'>XXIX</span> 
     </span>
     <span class='ocr_line' id='line_1_32' title="bbox 105 3768 1234 3854; baseline -0.002 -19"><span class='ocrx_word' id='word_1_301' title='bbox 105 3792 132 3850; x_wconf 88' lang='lat' dir='ltr'><strong>p.</strong></span> <span class='ocrx_word' id='word_1_302' title='bbox 150 3777 208 3835; x_wconf 90' lang='grc'><strong>391</strong></span> <span class='ocrx_word' id='word_1_303' title='bbox 227 3775 378 3834; x_wconf 76' lang='lat' dir='ltr'><strong>inutiliter</strong></span> <span class='ocrx_word' id='word_1_304' title='bbox 394 3777 470 3835; x_wconf 90' lang='grc'><strong>6061.</strong></span> <span class='ocrx_word' id='word_1_305' title='bbox 491 3775 541 3850; x_wconf 83' lang='lat' dir='ltr'><strong>„si</strong></span> <span class='ocrx_word' id='word_1_306' title='bbox 557 3773 709 3854; x_wconf 84' lang='lat' dir='ltr'><strong>possum“.</strong></span> <span class='ocrx_word' id='word_1_307' title='bbox 726 3805 770 3815; x_wconf 94' lang='lat'><em>-</em></span> <span class='ocrx_word' id='word_1_308' title='bbox 788 3775 859 3834; x_wconf 91' lang='grc'><strong>337.</strong></span> <span class='ocrx_word' id='word_1_309' title='bbox 884 3768 1057 3836; x_wconf 74' lang='lat' dir='ltr'><strong>Uolcanum</strong></span> <span class='ocrx_word' id='word_1_310' title='bbox 1079 3771 1114 3833; x_wconf 76' lang='grc'><strong>16</strong></span> <span class='ocrx_word' id='word_1_311' title='bbox 1137 3789 1234 3835; x_wconf 76' lang='lat' dir='ltr'><strong>cornu</strong></span> 
     </span>
     <span class='ocr_line' id='line_1_33' title="bbox 105 3873 1234 3956; baseline 0 -21"><span class='ocrx_word' id='word_1_312' title='bbox 105 3873 292 3952; x_wconf 75' lang='lat' dir='ltr'><strong>conclusum,</strong></span> <span class='ocrx_word' id='word_1_313' title='bbox 310 3879 330 3936; x_wconf 94' lang='lat' dir='ltr'><strong>i.</strong></span> <span class='ocrx_word' id='word_1_314' title='bbox 349 3898 374 3936; x_wconf 90' lang='lat' dir='ltr'><strong>e.</strong></span> <span class='ocrx_word' id='word_1_315' title='bbox 392 3878 489 3956; x_wconf 79' lang='lat' dir='ltr'><strong>iguem</strong></span> <span class='ocrx_word' id='word_1_316' title='bbox 504 3879 669 3938; x_wconf 76' lang='lat' dir='ltr'><strong>inlaturus</strong></span> <span class='ocrx_word' id='word_1_317' title='bbox 691 3897 807 3951; x_wconf 80' lang='lat' dir='ltr'><strong>cernes,</strong></span> <span class='ocrx_word' id='word_1_318' title='bbox 831 3876 890 3936; x_wconf 82' lang='lat' dir='ltr'><strong>vid.</strong></span> <span class='ocrx_word' id='word_1_319' title='bbox 911 3897 1003 3955; x_wconf 84' lang='lat' dir='ltr'><strong>supra</strong></span> <span class='ocrx_word' id='word_1_320' title='bbox 1020 3897 1047 3935; x_wconf 87' lang='lat' dir='ltr'><strong>v.</strong></span> <span class='ocrx_word' id='word_1_321' title='bbox 1064 3878 1133 3936; x_wconf 82' lang='lat'><strong>149.</strong></span> <span class='ocrx_word' id='word_1_322' title='bbox 1156 3877 1234 3936; x_wconf 83' lang='lat' dir='ltr'><strong>infru</strong></span> 
     </span>
     <span class='ocr_line' id='line_1_34' title="bbox 106 3978 1233 4057; baseline 0 -19"><span class='ocrx_word' id='word_1_323' title='bbox 106 3981 174 4041; x_wconf 81' lang='grc'><strong>402.</strong></span> <span class='ocrx_word' id='word_1_324' title='bbox 217 3979 340 4040; x_wconf 78' lang='grc'><strong>006666</strong></span> <span class='ocrx_word' id='word_1_325' title='bbox 362 3981 487 4040; x_wconf 71' lang='lat' dir='ltr'><strong>luterus</strong></span> <span class='ocrx_word' id='word_1_326' title='bbox 510 3986 778 4040; x_wconf 76' lang='lat' dir='ltr'><strong>commemorentur</strong></span> <span class='ocrx_word' id='word_1_327' title='bbox 801 3978 882 4057; x_wconf 77' lang='lat' dir='ltr'><strong>apud</strong></span> <span class='ocrx_word' id='word_1_328' title='bbox 900 3980 1008 4038; x_wconf 83' lang='lat' dir='ltr'><strong>Athen.</strong></span> <span class='ocrx_word' id='word_1_329' title='bbox 1033 3979 1096 4053; x_wconf 88' lang='lat' dir='ltr'><strong>XV,</strong></span> <span class='ocrx_word' id='word_1_330' title='bbox 1122 3981 1182 4040; x_wconf 90' lang='grc'><strong>699</strong></span> <span class='ocrx_word' id='word_1_331' title='bbox 1206 3981 1220 4038; x_wconf 88' lang='lat' dir='ltr'>f</span> <span class='ocrx_word' id='word_1_332' title='bbox 1227 4005 1233 4038; x_wconf 76' lang='lat' dir='ltr'><em>z</em></span> 
     </span>
     <span class='ocr_line' id='line_1_35' title="bbox 107 4081 1234 4161; baseline 0.002 -21"><span class='ocrx_word' id='word_1_333' title='bbox 107 4086 242 4161; x_wconf 73' lang='grc' dir='ltr'><strong><em>κερατίνου</em></strong></span> <span class='ocrx_word' id='word_1_334' title='bbox 253 4083 282 4140; x_wconf 76' lang='grc' dir='ltr'><strong>δὲ</strong></span> <span class='ocrx_word' id='word_1_335' title='bbox 294 4084 445 4160; x_wconf 81' lang='grc' dir='ltr'><strong>φωσφόρου</strong></span> <span class='ocrx_word' id='word_1_336' title='bbox 457 4085 557 4156; x_wconf 71' lang='grc' dir='ltr'><em>λύχνου</em></span> <span class='ocrx_word' id='word_1_337' title='bbox 569 4085 655 4148; x_wconf 74' lang='grc' dir='ltr'><strong>σέλας.</strong></span> <span class='ocrx_word' id='word_1_338' title='bbox 678 4081 797 4141; x_wconf 89' lang='lat' dir='ltr'><strong>Lucret.</strong></span> <span class='ocrx_word' id='word_1_339' title='bbox 808 4081 847 4156; x_wconf 91' lang='grc' dir='ltr'><strong>Π,</strong></span> <span class='ocrx_word' id='word_1_340' title='bbox 862 4083 922 4142; x_wconf 90' lang='grc'><strong>388</strong></span> <span class='ocrx_word' id='word_1_341' title='bbox 932 4105 938 4140; x_wconf 89' lang='lat'>:</span> <span class='ocrx_word' id='word_1_342' title='bbox 956 4082 1122 4155; x_wconf 75' lang='lat' dir='ltr'><strong>„Praeterea</strong></span> <span class='ocrx_word' id='word_1_343' title='bbox 1133 4083 1234 4142; x_wconf 86' lang='lat' dir='ltr'><strong>lumen</strong></span> 
     </span>
     <span class='ocr_line' id='line_1_36' title="bbox 108 4183 1233 4262; baseline 0.001 -18"><span class='ocrx_word' id='word_1_344' title='bbox 108 4205 158 4262; x_wconf 87' lang='lat' dir='ltr'><strong>per</strong></span> <span class='ocrx_word' id='word_1_345' title='bbox 179 4204 274 4244; x_wconf 89' lang='lat' dir='ltr'><strong>cornu</strong></span> <span class='ocrx_word' id='word_1_346' title='bbox 295 4183 435 4244; x_wconf 83' lang='lat' dir='ltr'><strong>trausit“.</strong></span> <span class='ocrx_word' id='word_1_347' title='bbox 469 4184 558 4244; x_wconf 75' lang='lat' dir='ltr'><strong>Mart.</strong></span> <span class='ocrx_word' id='word_1_348' title='bbox 576 4184 655 4258; x_wconf 85' lang='lat' dir='ltr'>XIV,</span> <span class='ocrx_word' id='word_1_349' title='bbox 680 4187 718 4243; x_wconf 90' lang='grc'><strong>61</strong></span> <span class='ocrx_word' id='word_1_350' title='bbox 744 4189 774 4243; x_wconf 88' lang='lat' dir='ltr'><strong>et</strong></span> <span class='ocrx_word' id='word_1_351' title='bbox 797 4185 847 4242; x_wconf 89' lang='grc'><strong>62.</strong></span> <span class='ocrx_word' id='word_1_352' title='bbox 876 4184 953 4244; x_wconf 87' lang='grc' dir='ltr'><strong>Ρ116.</strong></span> <span class='ocrx_word' id='word_1_353' title='bbox 972 4185 1009 4243; x_wconf 91' lang='grc' dir='ltr'><strong>Η.</strong></span> <span class='ocrx_word' id='word_1_354' title='bbox 1028 4185 1064 4243; x_wconf 88' lang='lat' dir='ltr'><strong>N.</strong></span> <span class='ocrx_word' id='word_1_355' title='bbox 1082 4185 1135 4259; x_wconf 88' lang='lat' dir='ltr'><strong>XI,</strong></span> <span class='ocrx_word' id='word_1_356' title='bbox 1158 4187 1233 4246; x_wconf 81' lang='lat'><strong>126:</strong></span> 
     </span>
     <span class='ocr_line' id='line_1_37' title="bbox 112 4282 1234 4364; baseline -0.001 -17"><span class='ocrx_word' id='word_1_357' title='bbox 112 4285 269 4362; x_wconf 86' lang='lat' dir='ltr'><strong>,(Urorum</strong></span> <span class='ocrx_word' id='word_1_358' title='bbox 292 4282 416 4359; x_wconf 79' lang='lat' dir='ltr'><strong>cornua)</strong></span> <span class='ocrx_word' id='word_1_359' title='bbox 439 4289 470 4346; x_wconf 94' lang='lat' dir='ltr'><strong>in</strong></span> <span class='ocrx_word' id='word_1_360' title='bbox 492 4288 606 4346; x_wconf 82' lang='lat' dir='ltr'><strong>lemnes</strong></span> <span class='ocrx_word' id='word_1_361' title='bbox 629 4292 711 4346; x_wconf 84' lang='grc'><strong>66666</strong></span> <span class='ocrx_word' id='word_1_362' title='bbox 732 4287 883 4346; x_wconf 74' lang='lat' dir='ltr'><strong>tralucent</strong></span> <span class='ocrx_word' id='word_1_363' title='bbox 906 4294 997 4364; x_wconf 84' lang='lat' dir='ltr'><strong>atque</strong></span> <span class='ocrx_word' id='word_1_364' title='bbox 1020 4289 1109 4346; x_wconf 85' lang='lat' dir='ltr'><strong>etiem</strong></span> <span class='ocrx_word' id='word_1_365' title='bbox 1134 4287 1234 4346; x_wconf 88' lang='lat' dir='ltr'><strong>lumen</strong></span> 
     </span>
     <span class='ocr_line' id='line_1_38' title="bbox 109 4383 1234 4466; baseline 0 -19"><span class='ocrx_word' id='word_1_366' title='bbox 109 4391 251 4450; x_wconf 87' lang='lat' dir='ltr'><strong>inclusum</strong></span> <span class='ocrx_word' id='word_1_367' title='bbox 272 4391 363 4450; x_wconf 83' lang='grc'><strong>166166</strong></span> <span class='ocrx_word' id='word_1_368' title='bbox 384 4387 544 4450; x_wconf 81' lang='lat' dir='ltr'><strong>frmduut“.</strong></span> <span class='ocrx_word' id='word_1_369' title='bbox 559 4419 603 4430; x_wconf 93' lang='lat'><strong>-·-</strong></span> <span class='ocrx_word' id='word_1_370' title='bbox 621 4391 692 4449; x_wconf 87' lang='lat'><strong>339.</strong></span> <span class='ocrx_word' id='word_1_371' title='bbox 718 4383 836 4450; x_wconf 74' lang='lat' dir='ltr'><strong>Seruos</strong></span> <span class='ocrx_word' id='word_1_372' title='bbox 858 4405 941 4466; x_wconf 66' lang='lat' dir='ltr'><strong>certe,</strong></span> <span class='ocrx_word' id='word_1_373' title='bbox 965 4390 1078 4450; x_wconf 85' lang='lat' dir='ltr'><strong>emend.</strong></span> <span class='ocrx_word' id='word_1_374' title='bbox 1094 4389 1234 4448; x_wconf 79' lang='lat' dir='ltr'><strong>Camers-</strong></span> 
     </span>
    </p>
   </div>
   <div class='ocr_carea' id='block_1_3' title="bbox 0 0 1506 5038">
    <p class='ocr_par' dir='ltr' id='par_1_4' title="bbox 0 0 1506 5038">
     <span class='ocr_line' id='line_1_39' title="bbox 0 0 1506 5038; baseline 0 0"><span class='ocrx_word' id='word_1_375' title='bbox 0 0 1506 5038; x_wconf 95' lang='lat' dir='ltr'><strong> </strong></span> 
     </span>
    </p>
   </div>
  </div>
 </body>
</html>
