2992 5054
260 391 299 450 32
773 384 865 438 Plauti
1218 385 1239 450 1,
1250 387 1275 448 ³,
1285 385 1390 438 37—49

258 575 389 640 Pterela
410 596 467 639 rex
491 574 547 656 qni
570 575 737 658 potiteuit‚
761 593 857 657 quem
880 593 940 658 ego
963 594 1037 639 mea
1059 573 1166 638 occidi
1188 594 1299 654 manu,

258 685 446 759 Alcumena,
470 683 532 748 tibi
555 683 715 748 condono.

718 791 934 858 Aleumena

732 901 827 966 Faeis
849 909 887 966 ut
909 901 991 966 alias
1014 921 1065 965 res
1089 899 1185 965 soles.

259 1011 399 1076 Ecastor
421 1010 619 1093 condignum
641 1009 771 1089 donum,
795 1009 917 1094 qualist
939 1010 995 1092 qui
1019 1009 1139 1074 donum
1162 1008 1262 1074 dedit.

712 1117 937 1183 Mercurius

258 1229 361 1294 Immo
384 1229 431 1293 sie
454 1227 650 1308 condignum
673 1227 802 1305 donum,
825 1225 948 1308 qualist
970 1228 1048 1310 quoi
1070 1226 1155 1291 dono
1179 1225 1340 1292 datumst

734 1333 919 1418 Iuppiter

260 1445 377 1529 Pergin
400 1445 532 1509 autem?
555 1443 671 1509 Nonne
694 1465 754 1527 ego
779 1464 919 1527 possum,
940 1441 1084 1524 furcifer,
1102 1451 1135 1508 te
1152 1443 1317 1527 perdere?
1344 1453 1393 1506 535

718 1549 934 1617 Alcum'ena

259 1662 334 1727 Noli
357 1660 485 1741 amabo,
507 1660 711 1744 Amphitruo,
733 1662 833 1726 irasci
855 1659 968 1727 Sosiae
991 1680 1091 1726 eausa
1113 1681 1195 1725 mea.

730 1769 917 1852 Iuppiter

259 1880 393 1944 Faciam
414 1880 464 1943 ita
485 1883 524 1943 ut
544 1879 604 1943 uis.

712 1985 937 2051 Mercurius

618 2095 667 2160 Ex
684 2115 796 2160 amore
812 2093 866 2160 hie
883 2095 927 2160 ad
942 2093 1074 2159 modum
1086 2115 1186 2178 quam
1197 2114 1318 2161 saeuos
1332 2101 1391 2161 est.

731 2201 917 2287 Iuppiter
1067 2206 1068 2209 ’

259 2313 424 2396 Numquid
445 2313 519 2379 uis?

717 2419 932 2486 Alcumena

528 2529 574 2594 Ut
596 2549 694 2611 quom
717 2529 821 2594 absim
844 2551 894 2594 me
917 2551 1017 2609 ames,
1039 2537 1201 2595 metuam
1217 2529 1392 2597 absentem

976 2645 1097 2705 tamen.

619 2797 620 2800 η
713 2745 937 2810 Mercurius

260 2857 390 2937 Eamus,
409 2855 623 2938 *Amphitru03
648 2856 784 2920 lueesuit
806 2852 869 2918 hoe
890 2855 965 2918 iam.

734 2961 921 3046 Iuppiter

988 3070 1052 3137 Abi
1074 3092 1162 3156 prae,
1185 3072 1296 3154 Sosia3

260 3181 330 3246 lam
352 3202 411 3266 ego
434 3201 562 3263 sequar.
595 3179 760 3262 Numquid
782 3180 853 3244 uis?

717 3287 936 3353 Alcumena
1237 3353 1238 3359 ,

841 3396 965 3461 Etiam:
987 3403 1025 3462 ut
1047 3403 1196 3464 actutum
1219 3397 1391 3464 aduenias.

736 3502 920 3588 Iuppiter

977 3612 1079 3678 Licet.
1338 3615 1392 3670 540

260 3722 354 3787 Prius
375 3730 434 3787 tua
456 3721 610 3805 opinione
633 3720 687 3784 hie
709 3720 824 3799 adero;
847 3718 970 3785 bonum
991 3721 1135 3786 animum
1157 3720 1252 3787 habe.
1276 3759 1322 3769 -

259 3830 354 3896 Nunc
376 3837 420 3910 te,
443 3851 517 3911 nox,
540 3849 623 3912 quae
638 3849 697 3906 ,me
720 3829 879 3910 mansisti,
901 3829 996 3894 mitto
1018 3837 1056 3894 ut
1078 3829 1235 3896 concedas
1258 3832 1321 3912 die,
1448 3815 1449 3874 i

259 3939 304 4005 Ut
325 3937 472 4004 mortalis
494 3939 677 4004 inluceseas
700 3939 773 4004 luce
797 3939 888 4004 elara
910 3944 944 4005 et
966 3938 1117 4003 eandida.

328 4195 506 4262 nusquamst
555 4195 626 4267 ,534
644 4195 755 4264 qualest
806 4194 902 4248 datust
972 4196 1023 4250 53⁷
1040 4212 1141 4250 suenus
1209 4197 1259 4250 539
1277 4197 1390 4252 lueiseit

258 4281 310 4334 538
327 4284 450 4333 metuam
468 4285 496 4334 te
515 4281 659 4334 absentem
730 4283 780 4334 542
798 4279 880 4334 eedas
899 4281 956 4334 diei
1257 4293 1264 4308 ·
