2976 5056
624 443 655 497 V.
675 443 820 499 758-778.
1226 453 1287 516 311

121 635 211 694 '2292
249 637 366 710 „Idem
394 644 442 696 ter
462 639 567 697 ¹socios
596 657 673 715 pura
702 639 885 698 circumtulit
913 637 1024 699 nnda“.
1069 640 1146 700 Item
1168 639 1289 702 Servius

127 737 170 795 ad
193 737 228 797 h.
252 740 298 798 l.:
331 741 551 814 „Circumtulit,
574 743 725 817 purgauit.
748 741 914 818 Antiquam
931 742 1055 802 verbum
1073 749 1127 802 est.
1150 743 1288 804 Plautus:

124 838 190 898 Pro
221 841 359 902 laruato
389 849 421 902 te
449 843 669 914 circumferam,
693 845 714 901 i.
737 863 762 901 e.
785 841 949 921 purgab0“.
995 843 1052 917 Qui
1079 851 1181 904 utrum
1210 846 1289 906 hunc

125 941 385 1022 Amphitruonis
412 946 510 1005 locum
539 964 646 1022 parum
677 950 817 1004 accurate
838 947 990 1020 citaverit,
1020 968 1058 1008 an
1085 949 1212 1008 similem
1234 949 1288 1007 ali·

125 1065 227 1122 qnem
261 1049 347 1108 alius
377 1048 527 1107 comoediae
559 1047 713 1120 habuerit,
736 1067 796 1105 ncn
819 1045 962 1107 diiudico.
984 1079 1027 1091 --
1049 1051 1122 1110 Post
1147 1053 1289 1124 ,circum-

128 1147 233 1207 ferri“
264 1151 373 1210 hiatus
396 1151 571 1210 incasura.
605 1149 717 1208 Miller
743 1149 808 1222 „Ita
825 1149 949 1228 808001ις
969 1153 1130 1212 scribebat.
1145 1183 1187 1194 -
1203 1148 1288 1214 Ede-

124 1247 189 1326 pol
223 1250 304 1329 qui.
353 1248 413 1328 Qtd
440 1251 519 1330 apud
547 1253 687 1311 Plautum
700 1277 702 1280 ¹
717 1253 907 1312 asseverandi
934 1253 1059 1313 vocibus
1087 1255 1221 1330 additur,
1250 1257 1287 1316 ci.

129 1371 237 1430 supra
266 1357 343 1415 699.
387 1347 513 1431 Edepol
536 1351 590 1432 qai
613 1359 695 1413 extat
717 1355 799 1412 Asin.
825 1357 896 1414 551.
919 1355 985 1415 Mil.
1010 1359 1081 1416 779.
1104 1357 1186 1418 Pers.
1211 1361 1288 1433 5633

128 1458 273 1517 ecastor
295 1453 351 1535 qui
369 1458 454 1516 Asin.
476 1457 552 1530 9213
576 1450 677 1516 hercle
699 1452 754 1534 qui
771 1456 861 1516 Most.
881 1459 952 1516 812.
975 1457 1056 1517 Men.
1079 1461 1170 1520 1070.
1193 1459 1286 1521 Merc.

130 1559 215 1617 405.
246 1563 323 1620 997.
357 1558 467 1618 Ρ8800.
491 1560 563 1618 473.
601 1558 693 1618 Stich.
720 1561 790 1618 559.
830 1558 913 1618 Trin.
938 1561 1009 1618 464.
1033 1591 1076 1600 -
1099 1564 1171 1621 770.
1196 1558 1287 1624 larua

130 1661 227 1737 apud
248 1662 392 1720 Plautum
418 1659 606 1738 trisyllabum
629 1666 675 1718 est
696 1663 882 1737 primamque
904 1661 1021 1738 longam
1045 1662 1144 1721 habet.
1179 1662 1286 1724 Laruae

133 1763 299 1823 insaniam
322 1765 445 1822 iniicere
468 1763 673 1836 credebantur,
697 1784 725 1821 v.
747 1763 817 1822 Aul.
843 1765 919 1822 632:
948 1762 1071 1836 „Larua
1095 1763 1173 1823 hunc
1195 1771 1286 1842 atque

132 1866 336 1944 intemperiae
358 1867 549 1942 insaniaeque
572 1866 690 1940 agitant
711 1862 841 1924 sencm“.
888 1865 973 1942 Capt.
999 1868 1075 1924 592:
1108 1866 1285 1941 ,18180811-

136 1974 290 2027 ramenta
311 1969 455 2044 loquitur,
479 1969 570 2027 laruae
593 1968 748 2026 stimulant
765 1964 893 2026 virum“.
924 1962 1086 2028 Luranius
1104 1975 1135 2026 81
1152 1966 1285 2030 coatus

136 2088 316 2147 synonyma
339 2074 423 2142 sunt,
448 2089 475 2128 v.
500 2071 577 2128 infra
601 2071 693 2130 1049.
726 2069 807 2129 Men.
833 2071 909 2128 875:
943 2069 1039 2143 „Num
1062 2071 1211 2130 laruatust
1233 2077 1285 2131 aut

141 2168 320 2232 cerritus?“
339 2201 384 2213 --
401 2174 471 2230 771.
490 2165 555 2232 Em
572 2171 672 2230 eadem
692 2171 909 2249 significatione
931 2179 1021 2248 atque
1044 2189 1082 2232 en
1105 2173 1184 2249 apud
1208 2176 1284 2232 snti-

141 2295 226 2352 qnos
253 2276 384 2352 positum
413 2295 476 2333 esse
505 2273 656 2333 Charisius
678 2294 708 2351 p.
733 2275 809 2346 240,
841 2275 879 2332 16
903 2275 939 2332 Κ.
969 2280 1153 2348 auctorest,
1185 2275 1283 2335 locum

143 2377 282 2455 aliquem
305 2375 429 2436 Gracchi
457 2376 583 2436 afferens
605 2382 637 2436 et
657 2377 756 2435 Plauti
779 2375 859 2435 Poen.
884 2377 955 2434 729.
1001 2375 1085 2452 Saepc
1114 2377 1225 2436 dicitur
1253 2379 1284 2436 in

144 2479 337 2539 verberando
359 2473 424 2540 Em
445 2474 509 2553 tibi,
532 2500 560 2539 v.
583 2479 667 2538 Asin.
692 2481 753 2538 428
777 2479 918 2555 locosque
944 2477 985 2536 ibi
1008 2478 1123 2552 allatos,
1147 2479 1282 2538 sednon

146 2584 250 2642 minus
272 2601 360 2660 saepe,
384 2583 409 2640 si
432 2581 584 2641 codicibus
602 2581 758 2654 credimus,
781 2585 913 2658 ponitur,
936 2579 988 2638 ubi
1011 2580 1084 2656 quid
1107 2583 1284 2660 simpliciter

147 2684 339 2758 ostenditur3
369 2691 404 2742 ut
431 2685 514 2744 Asin.
540 2687 610 2744 871.
644 2685 713 2742 Aul.
743 2685 814 2743 631.
845 2684 915 2742 640.
949 2682 1056 2743 Bacch.
1087 2687 1159 2745 802.
1191 2688 1282 2745 1016.

148 2785 238 2864 Capt.
264 2788 337 2845 371.
360 2787 433 2846 534.
458 2789 529 2846 851.
559 2785 644 2846 Curc.
671 2788 741 2845 121.
771 2786 862 2845 Most.
888 2787 958 2844 326.
983 2789 1054 2846 792.
1081 2788 1172 2846 1161.
1203 2787 1282 2848 Men.

151 2891 224 2948 612.
248 2889 313 2950 Mil.
339 2891 409 2948 367.
435 2891 506 2948 894.
529 2889 621 2947 Merc.
643 2889 712 2947 148.
737 2890 808 2948 309.
833 2890 894 2946 693
918 2907 962 2965 sq.
985 2889 1093 2948 Pseud.
1114 2892 1185 2949 759.
1210 2891 1283 2950 894.

152 2993 224 3051 896.
248 2992 329 3050 Poen.
357 2994 426 3050 159.
452 2993 521 3050 161.
546 2993 617 3050 207.
641 2990 732 3050 Stich.
758 2991 828 3048 724.
858 2990 939 3049 Trin.
965 2993 993 3050 3.
1017 3019 1061 3030 -
1081 2986 1160 3050 mt'ht'
1181 3011 1284 3050 mono-

152 3077 300 3170 syllabum
318 3099 373 3152 est.
392 3123 435 3134 --
450 3094 599 3152 Alcmene
621 3113 727 3151 nomen
743 3087 892 3170 ‘proximis
914 3093 1015 3152 verbis
1039 3092 1279 3170 anteponendum

154 3203 183 3256 et
202 3213 288 3258 nunc
308 3192 374 3256 iam
396 3195 582 3254 scribendum
606 3215 670 3254 esse
694 3195 766 3254 olim
784 3195 966 3253 intellectum
984 3199 1097 3252 881.-·-
1115 3195 1187 3252 772.
1205 3210 1284 3271 quac

151 3297 236 3376 faeta
259 3319 300 3357 sc.
324 3304 406 3370 sunt,
434 3318 463 3356 v.
488 3296 525 3356 80
548 3319 575 3356 v.
602 3299 672 3357 590.
695 3327 739 3338 --
761 3300 834 3358 774.
858 3292 910 3356 illi
937 3297 1000 3356 cod.
1024 3295 1064 3368 B,
1092 3315 1119 3354 v.
1146 3297 1216 3355 530.
1240 3325 1284 3336 -

153 3405 223 3461 775.
246 3395 506 3478 praestiyt'alrt'x.
557 3399 646 3459 Vocis
679 3405 785 3476 utpote
818 3419 836 3458 a
868 3397 1106 3476 praestringendo
1139 3397 1282 3456 derivatae

151 3505 276 3584 propria
308 3503 405 3560 forma
441 3501 711 3579 „praestrigiatrix“
749 3522 814 3561 8888
845 3501 980 3573 videtur,
1015 3519 1140 3576 eamque
1174 3499 1284 3576 ubique

150 3605 258 3666 Plauto
281 3605 495 3664 restituendam
519 3604 657 3663 censebat
679 3605 807 3682 Spengel
830 3603 868 3662 ad
889 3601 1008 3662 Trucul.
1026 3602 1049 3675 Ι,
1068 3605 1096 3676 2,
1112 3603 1161 3661 32.
1191 3601 1284 3661 Extat

151 3712 230 3768 enim
248 3707 318 3766 Aul.
338 3707 399 3766 620
423 3708 454 3766 in
472 3707 497 3765 B
521 3713 551 3765 et
567 3705 605 3765 D.
639 3706 720 3766 Poen.
747 3707 827 3766 1128
850 3706 882 3764 in
898 3705 932 3764 B.
966 3705 1087 3764 Trucul.
1115 3706 1173 3764 135
1197 3705 1229 3762 in
1246 3704 1283 3762 A.

150 3841 193 3851 -
208 3805 308 3870 multo
325 3825 365 3868 m.
383 3806 537 3883 maxima3
563 3810 599 3868 de
618 3808 723 3868 ordine
738 3807 899 3868 verborum
922 3807 958 3866 cf.
972 3809 1044 3866 721.
1065 3835 1104 3846 -
1125 3808 1196 3865 776.
1216 3820 1284 3866 eam

151 3933 253 3972 verum
282 3931 346 3970 esse
373 3931 433 3970 non
460 3917 577 3990 potest,
607 3906 734 3971 88301818
761 3910 952 3971 scribendum
981 3929 1045 3968 esse
1079 3928 1116 3968 ex
1144 3910 1284 3986 proximo

151 4035 239 4073 versu
269 4013 370 4073 docuit
390 4014 514 4088 Miller,
545 4014 715 4089 Nachtrttge
737 4035 767 4091 p.
792 4015 842 4073 60.
864 4042 908 4053 -
931 4013 1002 4072 777.
1027 4006 1094 4071 Rea
1118 4011 1210 4088 qesta
1237 4011 1287 4070 est

153 4112 237 4192 berec,
259 4119 281 4175 i.
298 4136 325 4175 8.
348 4136 379 4175 88
401 4116 598 4189 6888118681,
623 4121 657 4176 ut
678 4119 709 4174 in
731 4117 877 4193 proximis
900 4115 1042 4175 ostendit.
1060 4143 1103 4154 -
1120 4114 1191 4172 778.
1211 4111 1284 4171 Post

149 4215 304 4296 peperisti
330 4218 446 4292 hiatus,
476 4221 559 4278 cuius
587 4218 703 4277 vitandi
732 4239 822 4278 causa
843 4216 906 4276 FL:
933 4217 996 4291 „Tu
1019 4217 1110 4276 sliam
1136 4217 1284 4293 peperisti
