2992 5054
248 535 287 594 12
763 531 856 585 Plauti
1131 523 1132 526 ¹
1188 533 1209 600 1,
1231 537 1253 601 1,
1272 537 1376 588 22—41

690 720 926 786 Mercurius.

246 827 372 894 Satinst
399 850 450 893 me
479 829 573 910 queri
599 828 657 894 illo
684 829 781 894 modo
810 831 1018 920 seruitutem
1048 829 1145 896 hodie
1174 833 1229 913 qui
1257 831 1377 899 brerim

1065 939 1159 1020 liber,

244 1044 329 1108 Eum
350 1065 437 1109 nuno
460 1045 580 1128 potiuit
601 1051 697 1129 pater
720 1047 903 1126 seruitutis3
1324 1051 1377 1103 175

245 1153 316 1232 Hic,
340 1154 395 1234 qui
417 1173 521 1219 uerna
541 1159 664 1233 natust,
689 1153 846 1236 queritur.

525 1262 528 1266 ’
747 1262 870 1327 Sosia.

245 1369 324 1434 Sum
345 1391 425 1434 uero
448 1391 547 1435 uerus
569 1369 723 1452 uerbero;
746 1392 833 1436 nunc
856 1392 928 1437 sero
951 1371 1031 1437 mihi
1052 1373 1086 1437 in
1109 1377 1250 1438 mentem
1272 1373 1335 1438 fuit

244 1477 303 1542 Dis
326 1477 555 1543 aduenientem
578 1479 702 1562 gratias
726 1479 934 1563 promeritis
958 1500 1055 1562 agere
1078 1488 1178 1563 atque
1201 1480 1344 1564 adloqui.

244 1585 293 1650 Ne
315 1585 365 1650 illi
387 1587 512 1669 edepol,
536 1587 563 1651 si
585 1587 702 1652 merito
725 1609 797 1652 meo
820 1588 944 1653 referre
968 1588 1123 1653 studeant
1145 1589 1279 1670 gratiae,

243 1693 393 1776 Aliquem
414 1693 579 1760 hominem
601 1695 763 1779 adlegent,
786 1696 843 1778 qui
859 1695 938 1762 mihi
958 1696 1147 1762 aduenienti
1165 1717 1201 1762 os
1218 1697 1375 1782 suggillet

938 1857 943 1869 .
1064 1805 1176 1890 probe,
1323 1807 1375 1858 180

245 1911 415 1992 Quoniam,
439 1911 524 1978 bene
546 1933 630 1995 quae
648 1913 681 1977 in
697 1933 749 1978 me
766 1912 926 1992 fecerunt,
944 1913 1075 1996 ingrata
1097 1935 1137 1979 ea
1153 1913 1255 1980 habui
1271 1921 1373 1999 atque

1062 2024 1170 2088 inrita.

692 2127 925 2195 Mercurius.

243 2236 338 2302 Facit
365 2237 421 2302 ille
450 2235 538 2320 quod
563 2236 661 2319 uolgo
689 2236 778 2302 haud
808 2237 930 2318 solent,
953 2236 1090 2321 utquid
1113 2259 1148 2304 se
1171 2238 1215 2304 sit
1237 2238 1370 2322 dignum

1061 2347 1153 2412 sciat.

746 2452 870 2518 Sosia.

245 2560 339 2639 Quod
362 2581 538 2642 numquam
562 2560 714 2643 opinatus
737 2558 785 2625 fui
807 2581 913 2642 neque
941 2559 1026 2626 alius
1049 2560 1221 2643 qnisquam
1250 2562 1369 2628 ciuium

244 2668 313 2734 Sibi
336 2675 539 2748 euenturum,
562 2668 597 2732 id
619 2669 766 2752 contigit,
790 2673 826 2734 ut
848 2669 934 2736 salui
955 2675 1143 2752 poteremur
1166 2669 1262 2734 domi.

243 2777 394 2844 Uictores
416 2778 512 2842 uictis
535 2777 684 2844 hostibus
705 2777 849 2860 legiones
871 2777 1046 2843 reueniunt
1068 2775 1200 2842 domum
1321 2779 1368 2831 185

243 2885 361 2974 Duello
385 2887 529 2952 extincto
552 2907 704 2951 maxumo
727 2893 827 2968 atque
848 2887 1063 2951 internecatis
1085 2885 1245 2952 hostibus.

244 2993 338 3072 Quod
359 2994 464 3059 multa
486 2995 641 3060 Thebano
665 2995 763 3080 poplo
785 2995 908 3062 acerba
930 2993 1052 3060 obiecit
1073 2993 1198 3073 funera,

243 3101 282 3166 Id
310 3104 343 3166 ui
371 3108 404 3168 at
430 3104 554 3169 uirtute
581 3103 721 3168 militum
750 3104 874 3169 uictum
902 3109 1001 3186 atque
1030 3108 1250 3185 expugnatum
1278 3103 1369 3187 oppi-

1063 3211 1179 3290 dumst,

243 3319 384 3403 Imperio
408 3326 507 3402 atque
530 3320 676 3403 auspicio
699 3321 763 3384 mei
785 3320 832 3385 eri
854 3320 1101 3403 Amphitruonis
1124 3340 1283 3400 maxume,

243 3428 373 3493 Praeda
389 3434 489 3510 atque
507 3449 586 3511 agro
604 3431 659 3510 qui
677 3429 865 3512 adoreaque
883 3427 1007 3494 adfecit
1022 3427 1196 3510 popularis
1207 3449 1283 3494 suos
1321 3438 1371 3492 190

242 3538 389 3620 Regique
412 3537 567 3602 Thebano
592 3535 711 3602 Creoni
733 3557 869 3620 regnum
893 3536 1056 3602 stabiliuit
1078 3557 1181 3600 suum.

242 3647 295 3712 Me
318 3668 339 3711 a
360 3653 459 3730 portu
480 3646 652 3730 praemisit
674 3645 813 3725 domum,
835 3651 874 3711 ut
895 3645 978 3710 haec
1000 3645 1146 3709 nuntiem
1163 3645 1257 3709 uxori
1275 3665 1370 3710 suae:

242 3756 288 3822 Ut
309 3757 449 3838 gesserit
470 3777 540 3820 rem
562 3754 728 3838 publicam
750 3753 861 3834 ductu,
883 3752 1030 3835 imperio,
1053 3751 1199 3834 auspicio
1222 3773 1290 3818 suo.

241 3863 395 3946 Eannnc
410 3862 595 3928 meditabor
612 3883 676 3944 quo
693 3861 789 3928 modo
807 3863 856 3926 illi
874 3860 991 3942 dicam,
1010 3881 1107 3943 quom
1123 3859 1181 3924 illo
1193 3860 1368 3926 aduenere.

243 3973 277 4038 si
300 3972 412 4036 dixero
435 3970 651 4051 mendacium,
676 3971 784 4036 solens
806 3991 878 4035 meo
901 3990 992 4034 more
1014 3969 1140 4049 iecer03
1321 3969 1371 4022 195

241 4081 327 4146 Nem
349 4100 446 4161 quom
468 4078 660 4164 pugnabant
681 4099 839 4158 maxume,
863 4084 1010 4160 agotum
1026 4077 1190 4160 fugiebam
1207 4097 1369 4142 maxume.

313 4251 362 4302 175
379 4250 472 4318 potnit
543 4249 593 4303 177
613 4265 680 4303 uero
702 4265 788 4303 uerna
810 4249 927 4304 uerbere
950 4263 1025 4304 nunc
1050 4263 1116 4302 uero
1187 4251 1237 4304 180
1258 4249 1371 4305 occillet

244 4338 292 4391 181
311 4337 359 4405 qui
414 4337 463 4391 184
478 4335 634 4405 potiremur
686 4336 735 4389 187
752 4332 805 4400 Qui
855 4335 962 4404 populo
1020 4336 1070 4390 189
1087 4335 1128 4388 eri
1145 4335 1201 4388 mei
1254 4337 1303 4390 190
1321 4337 1371 4405 qui

243 4437 292 4477 orn.
347 4421 497 4490 adoriaque
