2992 5054
222 546 242 606 ss
740 535 834 592 Ἀῶ
962 617 967 626 ¹

222 728 326 807 Quinc
349 749 414 812 quo
436 725 585 811 placeret
607 725 694 792 alter
713 725 848 792 fecisset
868 727 985 808 minus,

221 835 301 901 Eius
323 840 519 901 ornamenta
541 839 575 900 ot
597 835 721 901 corium
742 837 792 902 uti
815 833 1034 902 conciderent.

221 944 338 1009 Mirari
359 942 461 1009 nolim
482 963 552 1024 uos,
575 949 777 1027 quapropter
798 943 949 1028 Iuppiter

221 1053 317 1118 Nunc
338 1050 514 1116 histriones
538 1055 647 1132 curet3
669 1071 711 1116 ne
733 1051 907 1131 miremini,

220 1158 295 1244 Ipse
318 1160 405 1225 hanc
427 1163 578 1224 acturust
599 1157 749 1244 Iuppiter
772 1159 984 1228 comoediam.

223 1265 310 1346 Quid
332 1265 486 1332 admirati
508 1267 608 1333 estis?
632 1267 726 1351 quasi
748 1287 829 1333 uero
850 1288 973 1334 nouom

221 1375 317 1440 Nunc
339 1371 536 1458 proferatur,
558 1373 671 1440 lenem
692 1372 1029 1446 iacerehistriouam

222 1483 333 1548 Etiam
353 1482 529 1548 histriones
550 1481 571 1562 †
592 1503 680 1548 anno
704 1503 803 1567 quom
824 1482 857 1548 in
879 1485 1051 1568 proscenio
1072 1484 1128 1552 hic

222 1590 336 1656 Ionem
356 1589 563 1671 inuoce'runt,
584 1589 691 1672 uenit;
713 1589 836 1657 auxilio
858 1592 888 1658 is
909 1590 981 1658 finit.
1094 1645 1097 1650 .

222 1699 398 1764 Praeterea
420 1705 513 1765 certo
534 1698 645 1783 prodit
666 1699 701 1764 in
723 1697 905 1783 tragoedia

222 1807 317 1874 Hanc
338 1806 494 1888 fabulam,
515 1807 659 1892 inquam,
681 1806 735 1872 hio
757 1805 906 1891 Iuppiter
927 1805 1025 1874 hodie
1048 1809 1119 1891 ipse
1141 1815 1219 1893 aget

222 1914 266 1980 Et
288 1935 348 1998 ego
371 1935 438 1980 una
460 1935 535 1980 cum
557 1915 623 1980 illo.
668 1915 763 1980 Nunc
784 1916 848 1982 iem
871 1916 1015 1980 animum
1037 1915 1212 1998 aduertite,
1319 1927 1353 1980 95

221 2025 308 2089 Dum
329 2023 427 2088 huius
449 2028 678 2104 argumentum
700 2021 839 2106 eloquar
861 2022 1060 2090 comoediae.

265 2131 357 2197 Haec
379 2131 458 2197 urbs
481 2135 533 2196 est
555 2129 703 2209 Thebae;
727 2130 761 2194 in
783 2129 888 2198 illisce
909 2129 1041 2198 habitat
1062 2131 1198 2200 aedibus

222 2239 428 2324 Amphitruo,
450 2243 548 2304 natus
570 2237 665 2320 Argis
688 2259 728 2304 ex
749 2237 837 2320 Argo
859 2245 963 2322 patre,

207 2341 362 2425 'Quicum
383 2345 595 2412 Alcumenast
616 2351 728 2430 nupta,
751 2344 875 2412 Electri
897 2345 975 2412 filia.

222 2453 254 2519 Is
277 2475 364 2519 nunc
386 2453 580 2537 Amphitruo
603 2445 805 2537 praefectust
826 2453 1025 2538 legionibus3

222 2561 308 2626 Nam
331 2582 404 2627 eum
426 2559 593 2627 Teleboist
614 2561 737 2626 bellum
759 2560 916 2628 Thebano
939 2562 1049 2646 poplo.

221 2669 255 2734 Is
276 2671 369 2754 prius
391 2689 489 2753 quem
511 2667 588 2734 hinc
610 2668 692 2734 abiit
713 2669 853 2754 ipsemet
873 2670 908 2735 in
930 2672 1119 2754 exercitum,

222 2777 404 2852 Greuidem
426 2775 638 2842 Alcumenam
659 2797 795 2844 uxorem
816 2777 896 2844 fecit
917 2798 1021 2844 auam.

223 2883 336 2970 [Nam]
359 2905 419 2968 ego
441 2905 500 2951 uos
522 2885 654 2951 nouisse
678 2882 777 2951 credo
800 2886 874 2966 iam,
896 2891 934 2952 ut
956 2886 999 2952 sit
1020 2893 1116 2971 pater
1137 2907 1238 2968 mens,

223 2994 329 3072 Quam
350 2991 434 3058 liber
456 2992 573 3058 herum
594 3013 707 3058 rorum
728 2992 907 3060 multarum
929 2994 1003 3075 siet,
1303 2993 1352 3048 1⁰5

222 3101 436 3186 Quantusque
460 3106 587 3165 amator
611 3101 662 3180 sit,
685 3100 774 3185 quod
796 3101 1052 3186 conplacitumst
1073 3103 1182 3170 semel.

220 3210 253 3276 Is
277 3230 389 3274 amare
412 3208 522 3293 coepit
543 3208 756 3274 Alcumenam
778 3209 865 3274 clam
885 3210 994 3276 uirum

220 3317 428 3402 Usuramqne
450 3316 521 3382 eius
544 3317 691 3400 corporis
714 3317 802 3401 cepit
823 3318 887 3385 sibi

220 3426 265 3491 Et
286 3424 460 3510 grauidam
481 3420 610 3489 fecitis
633 3445 707 3490 eam
729 3445 909 3510 conpressu
931 3446 1002 3492 sno.

220 3536 324 3616 Nunc,
347 3533 388 3599 de
410 3531 592 3598 Alcumena
612 3539 650 3598 ut
671 3553 741 3599 rem
762 3533 903 3600 teneatis
924 3535 1056 3616 rectius,
1301 3533 1353 3586 110

220 3641 426 3726 Utrimquest
448 3639 594 3725 grauida,
618 3646 715 3707 etex
737 3641 809 3707 uiro
833 3647 868 3708 et
890 3639 957 3725 [ex]
981 3662 1107 3708 summo
1128 3641 1218 3708 Ioue.

220 3748 264 3814 Et
285 3770 377 3815 mens
400 3754 496 3833 pater
518 3768 605 3814 nunc
625 3748 715 3814 intus
737 3747 791 3814 lnic
814 3770 888 3816 cum
909 3749 969 3816 illa
991 3751 1101 3831 cubat,

221 3855 265 3920 Et
285 3856 369 3923 haec
390 3856 433 3922 ob
457 3878 529 3923 eam
550 3877 620 3922 rem
642 3877 708 3922 nox
730 3863 782 3923 est
802 3855 894 3924 fecta
913 3858 1051 3942 longior,

219 3965 306 4030 Dum
329 3985 399 4030 cum
418 3965 486 4047 illa,
508 3985 649 4049 quacum
670 3965 752 4047 uolt,
773 3965 981 4050 uoluptatem
1003 3966 1101 4051 capit

289 4219 1351 4291 Mfflmmfflmmm9mmcmMMm

223 4307 595 4362 mmlmmm
