2976 5056
247 525 308 586 3¹72
744 516 881 572 Asinaria.

245 719 330 772 tuum
353 731 443 790 quam
461 711 572 772 lectum
588 707 719 770 metuo“.
754 711 843 790 Apul.
857 711 936 786 Mag.
952 711 1006 769 31:
1034 709 1122 782 „illex
1140 699 1395 766 animiVenus“.

245 813 289 874 Cf.
314 816 403 873 etiam
425 810 570 892 Madvigii
592 812 668 872 adv.
693 811 765 872 crit.
789 811 832 886 Π,
857 815 896 872 25
929 808 981 886 (ad
1003 811 1091 870 Lucr.
1115 811 1171 884 IV,
1200 805 1321 882 1051).
1355 834 1396 844 ·-·

247 919 318 976 220.
342 911 510 977 salutando
534 963 540 975 .
561 961 594 975 ..
619 909 840 992 conpellente,
870 915 888 973 i.
912 935 937 973 e.
968 934 1059 991 quum
1086 913 1283 984 salutantur,
1312 927 1397 967 eom·

245 1019 410 1097 pellantur,
444 1019 493 1077 vel
525 1037 616 1095 quum
647 1039 697 1078 eos
728 1018 905 1090 salutamus,
934 1015 1161 1094 compellamus,
1190 1013 1257 1073 vid.
1284 1009 1396 1071 Madv.

247 1119 346 1180 Gram.
371 1121 443 1180 418.
488 1119 595 1199 Amph.
621 1121 696 1180 532:
735 1138 850 1196 „neque
878 1119 968 1177 fando
995 1138 1135 1196 umquam
1160 1117 1284 1194 accepit
1311 1114 1398 1191 quis·

247 1219 366 1300 quam“.
400 1221 519 1281 Lucret.
542 1222 571 1295 Ι,
597 1223 668 1282 312.
702 1221 792 1296 Verg.
816 1219 851 1280 G.
875 1219 933 1294 ΠΙ,
957 1221 1029 1280 454.
1052 1250 1096 1260 -
1118 1214 1281 1279 blanditer
1307 1219 1398 1274 extat

248 1325 337 1382 etiam
353 1321 461 1382 Pseud.
484 1324 575 1384 1238.
598 1355 635 1364 -
655 1326 726 1384 221.
744 1317 884 1390 tinnula,
903 1323 922 1382 i.
938 1343 963 1380 e.
979 1322 1100 1382 blanda.
1134 1321 1250 1380 Nonius
1270 1339 1306 1396 p.
1332 1316 1395 1376 186

247 1429 375 1503 propter
397 1425 426 1484 h.
444 1447 487 1485 u:
515 1426 706 1499 „Vinnulum
729 1426 914 1498 aensilocum‚
938 1421 1146 1506 illecebram&
1164 1426 1184 1481 i.
1204 1443 1240 1496 e.,
1267 1421 1298 1480 si
1324 1417 1397 1476 bar

247 1527 351 1585 barum
375 1547 539 1587 sermonem
562 1527 709 1603 intelligo,
733 1527 813 1604 quod
835 1527 874 1585 ad
892 1525 996 1585 sensu'e
1013 1527 1147 1604 loquitur
1163 1523 1395 1598 illecebrasque

248 1631 389 1688 continet.
413 1660 457 1670 -
478 1631 549 1688 222.
571 1623 777 1705 pertractabit
798 1630 821 1688 B
844 1630 968 1704 vulgato
999 1647 1099 1688 errore
1126 1647 1182 1705 pro
1204 1621 1395 1704 pertracta·

247 1729 308 1805 uit3
337 1733 380 1791 sie
408 1733 486 1790 enim
514 1731 703 1791 scribendum
737 1752 800 1792 esse
835 1731 967 1791 ostendit
1000 1731 1168 1808 proximum
1201 1721 1391 1805 „sumpsit“.

246 1835 320 1893 Post
341 1849 375 1893 re
396 1833 497 1892 hiatus
520 1839 572 1906 est,
597 1855 685 1911 quem
703 1833 938 1906 utvitaret,F1.
963 1833 1052 1907 „haut
1075 1827 1133 1906 [id]
1158 1827 1221 1889 est¹‘
1248 1827 1390 1905 scripsit.

248 1967 290 1976 -
314 1937 385 1994 224.
408 1931 555 2009 inlude,
582 1955 642 1994 non
669 1935 854 2009 litterarum,
884 1935 935 1994 sed
964 1937 1083 1994 amoris
1106 1964 1149 1975 -
1171 1935 1243 1992 226.
1265 1944 1390 1991 merce·
1473 1929 1474 2024 2

250 2033 334 2110 dem,
359 2057 448 2115 quam
472 2037 558 2096 nobis
583 2037 644 2098 des.
668 2069 712 2077 —
734 2041 805 2097 228.
828 2053 959 2112 uacum
982 2032 1130 2114 utriquest
1153 2030 1217 2095 atio
1240 2029 1291 2094 sit.
1338 2029 1387 2090 Fl.
1473 2027 1474 2106 2

249 2142 314 2198 siue
343 2159 430 2198 eausa
457 2139 657 2217 transposuit:
691 2161 745 2214 „ne
774 2142 813 2199 sit
843 2159 908 2198 oum
937 2141 1079 2218 quiquam
1103 2135 1191 2224 elio‘f.
1215 2168 1258 2176 —
1281 2130 1387 2206 Tune,

250 2243 450 2307 ἀνακολούθως.
496 2241 610 2303 Camer.
644 2239 760 2316 ‚,tene“,
792 2242 919 2301 fortasse
948 2247 1039 2300 recte.
1066 2272 1109 2282 -
1138 2241 1209 2300 229.
1236 2241 1269 2298 tu
1291 2229 1388 2308 καῖε,

251 2345 365 2403 directa
388 2323 485 2403 oratio
508 2363 563 2423 pro
587 2343 741 2418 indirecta,
765 2349 799 2402 ut
821 2349 851 2402 te
871 2344 970 2402 valere
989 2343 1114 2416 iubeam,
1133 2363 1156 2402 s.
1175 2347 1211 2402 ut
1228 2348 1262 2417 tu
1280 2341 1384 2399 abeas.

207 2427 210 2435 ⁴
249 2478 292 2487 —
309 2449 380 2506 230.
402 2447 446 2508 At
469 2451 521 2518 est,
546 2447 655 2523 iuquit,
680 2449 769 2505 etiam
794 2445 875 2522 quod
892 2445 962 2504 volo
979 2445 1074 2522 loqui,
1094 2446 1178 2523 prius
1199 2463 1287 2521 quam
1304 2442 1381 2502 abis.

251 2549 298 2606 Ad
321 2549 478 2607 verborum
502 2547 634 2607 ordinem
658 2547 738 2625 quod
762 2549 876 2620 attinet,
901 2549 931 2606 in
953 2548 1103 2606 sententia
1121 2545 1247 2605 relativa
1264 2545 1382 2622 aliquo-

250 2653 309 2708 ties
335 2651 503 2726 pronomini
533 2670 592 2708 non
620 2651 715 2709 solum
743 2651 802 2709 alia
829 2649 920 2707 verba
947 2669 1005 2708 non
1027 2669 1123 2727 pauca
1146 2651 1380 2724 anteponuntur,

251 2751 303 2809 sed
330 2751 418 2808 etiam
448 2753 570 2826 integrae
600 2753 771 2826 sententiaa,
802 2751 837 2810 of.
865 2752 944 2810 infra
968 2752 1038 2811 321.
1074 2751 1146 2810 (list.
1170 2751 1247 2809 481:
1287 2765 1381 2826 „quae

250 2849 362 2910 dudum
392 2851 473 2909 fassa
498 2858 557 2926 est,
583 2873 696 2932 quaene
720 2853 829 2912 infitias
854 2849 932 2912 est“.
978 2853 1042 2912 Mil.
1068 2855 1144 2912 916:
1173 2851 1305 2925 „Sinon
1326 2869 1380 2908 uos
1473 2923 1474 2936 2

251 2955 438 3012 materiarius
461 2959 636 3028 remoratur,
660 2956 742 3032 quod
766 2975 850 3033 opus,
875 2957 926 3033 qui
949 2953 1031 3014 det“.
1068 2953 1160 3014 Stich.
1182 2955 1258 3013 121:
1287 2952 1379 3028 „Quoi

146 3105 150 3110 .
250 3057 327 3114 male
349 3056 511 3116 faciundist
533 3063 677 3136 potestas,
702 3077 778 3134 quae
801 3078 837 3114 ne
860 3056 890 3114 id
913 3057 1012 3130 faciat,
1036 3053 1213 3133 temperat“.
1261 3055 1378 3114 Lucret.

249 3159 293 3231 Il,
318 3161 379 3217 474
404 3179 462 3237 sq.:
496 3181 599 3235 „umor
626 3159 734 3232 dulcis,
765 3159 815 3216 ubi
843 3179 898 3236 per
926 3163 1022 3217 terras
1052 3159 1183 3217 crebrius
1211 3157 1292 3217 idem
1314 3177 1379 3235 per·
1473 3223 1474 3238 χ

250 3261 381 3334 colatur,
410 3267 444 3320 ut
471 3264 503 3320 iu
531 3262 645 3320 foveam
674 3261 749 3319 fluat
778 3281 811 3319 ac
835 3257 1050 3319 mansuescat&
1096 3260 1151 3335 vl,
1180 3261 1254 3319 140:
1292 3260 1378 3334 „Hic
1473 3267 1474 3338 J

250 3363 301 3420 ubi
334 3363 430 3420 lenior
463 3371 521 3438 est,
556 3365 586 3422 in
619 3369 700 3421 terra
733 3383 798 3421 cum
832 3368 931 3421 tamen
961 3358 1048 3436 eto.“‚
1079 3365 1099 3422 i.
1124 3383 1149 3421 e.
1179 3363 1253 3422 Cum
1282 3368 1379 3421 tamen
1473 3355 1474 3434 ]

250 3465 299 3523 hic
333 3469 387 3523 etc.
424 3497 465 3505 —-
506 3467 576 3524 231.
612 3463 694 3538 tam,·
728 3464 941 3544 expectabatur
979 3461 1118 3538 ,‚etiam“.
1174 3463 1316 3523 Nondum
1351 3483 1379 3520 se

251 3586 374 3643 prorsus
420 3567 592 3626 exhaustum
638 3587 700 3624 esse
746 3565 833 3638 dicit,
875 3585 970 3642 pauca
1010 3565 1115 3624 relicta
1154 3585 1233 3640 esse,
1275 3565 1380 3642 quibus

252 3668 415 3745 absumptis
449 3673 543 3727 maior
578 3670 667 3727 etiam
700 3669 820 3726 miseria
853 3688 907 3726 sua
940 3667 1041 3725 futura
1076 3669 1125 3725 eit.
1157 3699 1198 3708 —
1230 3661 1380 3728 relicuum
1473 3651 1474 3744 2

250 3773 356 3846 scripsi
385 3791 450 3828 cum
472 3771 533 3844 Fl,
564 3771 634 3847 quia
662 3791 719 3828 vox
748 3776 892 3848 quattuor
920 3769 1041 3844 syllabis
1069 3769 1295 3846 pronuntianda
1329 3773 1378 3840 est,
1473 3751 1474 3754 ¹

252 3871 288 3930 cf.
311 3872 428 3949 Prolcg.
457 3895 486 3950 p.
512 3875 582 3930 215.
628 3871 715 3931 Locis
744 3873 786 3931 ibi
816 3873 913 3930 allatis
944 3871 1093 3930 addantur
1115 3871 1187 3930 Cist.
1215 3871 1285 3930 185.
1311 3872 1378 3930 336.

251 3973 343 4032 Mero.
371 3977 439 4032 538.
464 3974 543 4032 Poen.
567 3977 635 4032 118.
660 3975 779 4033 Trucul.
803 3977 849 4033 15.
874 4005 917 4015 --
940 3977 1011 4033 232.
1033 3969 1068 4033 iu
1091 3969 1293 4052 1696321628,
1317 3977 1336 4032 i.
1355 3993 1377 4030 e.
1473 3995 1474 4064 2

252 4075 447 4150 condiciones,
472 4077 507 4134 cf.
532 4095 559 4134 v.
585 4077 655 4134 229.
681 4077 742 4135 740
767 4097 832 4153 sqq.
868 4075 953 4154 Capt.
980 4077 1049 4135 181.
1079 4075 1145 4134 Ter.
1170 4075 1279 4133 Heaut.
1305 4077 1376 4134 998:

256 4198 376 4254 „paoem
405 4179 434 4235 in
463 4178 545 4252 leges
577 4177 713 4235 conficiet
748 4175 845 4235 suas“.
892 4163 956 4236 Liv.
980 4177 1126 4249 XXXHI,
1153 4180 1207 4249 30,
1233 4179 1266 4236 l:
1305 4196 1378 4254 „pax
1473 4253 1474 4260 2

253 4279 324 4337 data
346 4279 485 4356 Philippo
508 4283 540 4338 in
562 4279 615 4336 has
639 4281 718 4354 leges
747 4275 822 4338 est“.
848 4311 889 4319 —-
914 4281 984 4338 233.
1008 4279 1044 4338 ut
1064 4276 1145 4338 seire
1164 4277 1288 4356 possis,
1312 4281 1331 4338 i.
1354 4299 1375 4336 e.

253 4401 289 4436 ne
312 4383 435 4452 nescias,
459 4381 663 4456 parentheticc
687 4383 900 4458 interponitur.
944 4381 1051 4439 Versus
1075 4401 1162 4439 causa
1185 4401 1250 4438 eum
1273 4379 1375 4439 Bothio

255 4477 340 4550 „uti“
366 4481 479 4554 scripsi.
502 4508 546 4518 —
574 4482 646 4540 235.
670 4477 754 4540 domi
776 4487 849 4555 eto,
878 4484 897 4540 i.
922 4503 946 4542 e.
971 4503 1073 4541 omnes
1095 4483 1190 4554 viros,
1220 4485 1272 4558 qui
1302 4481 1376 4540 domi
