2968 5030
603 497 636 552 v.
655 499 799 552 sca-ava
1204 505 1266 567 405

136 695 243 750 mente.
283 687 408 750 Rectius
426 691 530 750 Danaa
548 691 669 753 Festum
692 693 730 753 da
752 693 876 753 artubus
898 694 981 771 loqui
1003 692 1143 754 censebat
1170 693 1266 752 homi·

136 811 246 869 nosque
269 793 394 853 artubus
415 794 550 854 valentes
572 817 596 855 s.
619 796 761 856 robustos
784 794 954 872 significari.
999 794 1057 854 Sed
1086 794 1266 854 adiectivum

136 895 205 954 inde
228 894 396 954 derivatum
418 897 484 956 iure
506 897 683 958 Fleckeisen
706 897 827 958 artatas
849 899 982 976 scripsit,
1012 898 1100 956 simul
1126 897 1164 955 ad
1186 897 1266 955 codi-

136 1017 202 1056 cum
230 998 348 1056 litteras
373 1019 462 1076 quam
484 1003 621 1077 proxima
644 999 797 1060 accedens.
820 1031 863 1041 -
885 997 1077 1078 uiryalOreS,
1101 999 1152 1077 qui
1174 1001 1267 1076 virgis

135 1100 262 1158 caedunt.
288 1129 326 1142 -
353 1103 424 1160 560.
448 1097 557 1178 edepol
581 1101 614 1162 nt
637 1102 738 1177 codd.;
767 1101 835 1162 edd.
864 1103 999 1182 plerique
1021 1118 1074 1176 ree,
1103 1101 1148 1160 Fl.
1172 1103 1266 1178 parti·

135 1202 232 1260 enam
254 1203 363 1261 omna.
390 1233 427 1244 -
453 1201 547 1264 ettam
570 1219 699 1282 quoq-ca,
722 1225 749 1264 v.
769 1205 807 1263 su
819 1205 926 1283 Amph.
947 1207 996 1263 ao.
1013 1233 1057 1246 -
1076 1185 1146 1263 561.
1169 1199 1266 1280 acela

135 1306 155 1363 i.
180 1325 205 1364 e.
236 1303 356 1382 fidenti,
384 1311 420 1364 ut
448 1313 494 1365 est
521 1327 549 1366 v.
575 1309 645 1366 554.
668 1337 712 1348 --
735 1308 805 1367 562.
829 1308 874 1381 et,
903 1306 983 1383 quod
1015 1307 1047 1364 in
1080 1305 1165 1365 codd.
1199 1311 1267 1365 ante

139 1405 345 1480 ,manufesto“
371 1411 507 1487 ponitur,
530 1408 577 1468 Fl.
599 1409 670 1469 huic
691 1427 755 1468 voc.
778 1411 962 1488 postposuit.
985 1439 1028 1448 —·
1053 1410 1123 1467 563,
1146 1406 1192 1468 ets
1214 1405 1267 1468 acl·

135 1505 274 1584 molitae,
294 1510 471 1570 admoveris.
488 1543 532 1552 —
552 1512 623 1570 564.
647 1511 676 1570 et
697 1515 778 1571 inter
796 1511 855 1570 dno
871 1513 1040 1589 posteriora
1061 1512 1196 1570 trinomii
1218 1515 1269 1570 aut

135 1612 298 1690 polynomii
321 1613 453 1673 membra
484 1610 603 1688 (contra
625 1614 760 1691 regulam
782 1613 883 1673 Madv.
903 1613 955 1672 Gr.
979 1614 1041 1672 434
1065 1618 1127 1672 not.
1154 1609 1185 1686 1)
1209 1633 1269 1672 non

135 1735 203 1775 raro
232 1715 369 1790 additur,
394 1717 431 1774 cl.
454 1715 564 1795 Amph.
589 1717 660 1774 834.
691 1714 777 1794 Capt.
803 1717 877 1776 134:
914 1716 1066 1790 ,Macesco
1090 1735 1268 1774 consenesco

136 1824 167 1876 et
198 1815 355 1877 tabcsco“.
410 1817 476 1878 Mil.
508 1820 604 1877 1126:
648 1817 918 1891 „Acroteleutium
959 1817 1099 1876 ancillula
1138 1819 1200 1875 eius
1234 1837 1268 1876 ac

134 1917 329 1978 Pleusicles“.
384 1920 492 1980 Pseud.
517 1923 568 1980 ll.
603 1923 679 1980 9⁷9:
724 1921 921 1997 ,Lagirupam
961 1921 1075 1997 inpium
1114 1922 1268 1998 periurum

135 2029 226 2100 atque
248 2019 439 2102 inprobnm“.
474 2021 594 2082 Trucul.
618 2025 696 2082 477:
724 2024 786 2096 ,fer
808 2023 866 2082 huc
887 2022 1049 2082 uerbenam
1071 2022 1144 2080 mihi
1166 2029 1215 2081 tus
1238 2027 1268 2080 et

133 2123 292 2184 bellaria“.
323 2125 561 2185 Terentfleeut.
577 2127 652 2185 526:
680 2125 819 2198 ,auidum
841 2127 981 2186 miserum
1004 2131 1095 2202 atqua
1118 2123 1266 2182 aridum“.

136 2229 212 2286 893:
241 2233 373 2300 „uastam
391 2247 497 2286 anrum
520 2235 610 2304 atque
633 2227 786 2287 ancillas“.
816 2228 937 2288 Lucret.
953 2227 1003 2302 IV,
1017 2231 1094 2287 229:
1122 2226 1268 2300 „Cernere

135 2329 256 2388 odorari
282 2330 353 2388 licet
375 2336 405 2388 et
427 2331 540 2390 sentire
563 2329 702 2390 sonere“.
726 2333 763 2390 al.
787 2361 829 2371 -
853 2333 923 2390 567.
948 2327 991 2391 ad
1012 2325 1194 2408 languorem
1217 2325 1267 2388 ile-

135 2427 230 2506 derts,
254 2431 438 2506 fatigaveris,
463 2432 498 2492 cf.
516 2432 584 2491 Ter.
598 2432 707 2492 Heant.
722 2435 793 2493 807.
810 2465 853 2474 -
872 2435 942 2494 568.
968 2428 1116 2508 adfectos,
1140 2433 1268 2490 instruc·

135 2539 197 2608 tos,
228 2534 266 2594 cl'.
290 2533 358 2594 Ter.
381 2534 501 2593 Phorm.
526 2537 602 2594 977:
637 2535 789 2608 „Tantane
818 2535 967 2595 adlectum
996 2555 1175 2614 quemquam
1205 2555 1269 2593 esse

135 2636 286 2695 hominem
310 2634 466 2696 andacia“.
501 2637 594 2696 Cicer.
618 2659 648 2715 p.
667 2639 790 2698 Plancio
815 2641 864 2712 33,
890 2641 944 2698 80:
972 2639 1127 2712 „omnibns
1149 2639 1269 2696 virtuti·

134 2740 189 2799 bns
212 2760 260 2799 ma
280 2739 417 2798 affectum
436 2759 500 2798 esse
518 2737 637 2818 cupi0“.
654 2769 697 2780 -
716 2743 786 2800 570.
807 2738 933 2820 tripertio
951 2742 1061 2800 nostro
1078 2747 1147 2818 post
1162 2755 1270 2817 meque

136 2844 226 2918 teque
249 2841 400 2900 ablativus
423 2863 507 2901 casus
530 2847 571 2902 sit
592 2863 714 2902 necesse
737 2850 791 2916 ast,
810 2851 844 2902 ut
861 2843 985 2902 verbum
1003 2843 1084 2921 quod
1101 2849 1147 2901 ast
1165 2839 1271 2902 slccere

135 2944 216 3022 apud
239 2944 380 3003 Plautum
403 2963 463 3004 non
491 2945 586 3004 solnm
616 2965 683 3004 cum
713 2949 882 3006 accusativo
911 2949 1044 3006 iunctum
1072 2946 1212 3004 videatur
1241 2953 1271 3005 et

135 3067 201 3105 cum
225 3045 328 3105 dativo
358 3043 431 3120 (vid.
455 3047 493 3106 ad
516 3047 624 3125 Amph.
650 3045 742 3123 813),
771 3049 822 3107 sed
852 3051 941 3107 etiarn
971 3069 1037 3107 cnm
1067 3047 1214 3120 ablativo,
1240 3047 1271 3105 id

135 3149 218 3227 quod
247 3152 278 3207 in
308 3148 456 3208 adiectivo
486 3149 520 3208 fit
543 3150 606 3209 Mil.
633 3151 710 3210 620:
749 3171 862 3228 ,neque
890 3157 921 3209 ta
949 3152 1059 3210 decora
1087 3170 1182 3226 neque
1210 3151 1270 3208 tuis

135 3249 333 3310 uirtutibus“.

224 3355 294 3413 572.
319 3354 391 3413 Post
415 3349 550 3414 habesne
578 3355 689 3414 hiatus.
735 3355 846 3414 Mulier
867 3376 897 3433 p.
923 3358 982 3416 642
1007 3361 1038 3413 et
1059 3355 1181 3414 Nachtr.
1209 3357 1268 3414 103

23 3495 27 3508 ·
139 3457 248 3532 ,habes
271 3454 367 3515 nunc“
398 3457 529 3516 volebat.
556 3488 593 3498 —
618 3452 804 3532 Hariolare,
833 3479 936 3516 verum
959 3458 1114 3531 divinasti,
1145 3456 1181 3516 cf.
1204 3457 1268 3515 Mil.

138 3561 229 3619 lass.
258 3587 303 3598 —
332 3561 402 3618 573.
425 3560 625 3620 Accusativns
659 3581 725 3619 cum
757 3560 906 3620 infinitivo
940 3563 1063 3639 ponitur
1091 3559 1120 3618 h.
1149 3558 1169 3617 l.
1199 3565 1270 3635 post

135 3657 254 3738 edepol,
277 3667 312 3720 ut
334 3667 404 3739 post
425 3655 572 3736 fortasse,
596 3663 633 3722 da
656 3683 715 3740 quo
737 3683 766 3722 v.
787 3662 825 3721 ad
837 3663 945 3741 Amph.
960 3665 1031 3722 615.
1051 3689 1093 3702 -·-
1111 3663 1181 3719 574.
1198 3657 1271 3719 med

135 3783 237 3822 versus
255 3783 344 3822 cansa
361 3763 440 3838 add,
452 3769 503 3824 vix
515 3767 692 3839 necessario,
706 3785 888 3844 quemqnam
900 3768 930 3824 in
943 3765 1090 3824 similibus
1102 3763 1176 3823 locis
1187 3763 1268 3822 litte·

134 3885 200 3925 ram
211 3867 422 3943 paragogicam
440 3869 552 3926 retinui
564 3868 672 3947 Amph.
688 3871 748 3929 500
761 3875 792 3927 et
806 3871 876 3930 556.
897 3899 938 3910 -
956 3883 1049 3945 cruam
1066 3863 1135 3941 (em.
1148 3865 1194 3924 ad.
1206 3863 1267 3943 pr.)

134 3973 205 4047 post
226 3970 264 4028 ut
284 3967 425 4042 abundat,
449 3969 566 4048 vulgari
584 3973 731 4030 sermonis
745 3973 938 4049 negligentia,
958 3971 993 4030 cf.
1007 3970 1098 4030 Stich.
1114 3971 1189 4028 570:
1218 3974 1270 4040 „ut

135 4071 295 4150 apologum
312 4072 384 4130 lecit
400 4092 490 4150 quam
506 4072 625 4132 fabral“
651 4073 716 4133 Mil.
730 4076 807 4134 402:
835 4081 887 4148 „ut
905 4074 943 4132 ad
960 4074 990 4132 id
1007 4072 1175 4151 exemplum
1192 4091 1268 4130 som·

135 4175 216 4233 nium
229 4193 318 4252 qnam
331 4175 426 4234 simile
438 4173 632 4235 somniavit!“
649 4174 713 4250 (ubi
725 4177 812 4236 codd.
830 4173 962 4254 ,quia“).
975 4207 1018 4217 --
1031 4178 1101 4234 575.
1118 4169 1267 4234 conticui.

134 4278 241 4336 Altera
262 4297 368 4336 versus
395 4277 518 4355 dipodia
544 4279 575 4336 in
604 4285 755 4357 anapaesto
782 4281 977 4351 terminatur,
1007 4278 1087 4355 quod
1114 4275 1180 4335 fieri
1208 4297 1268 4336 non

136 4378 240 4453 debet,
264 4399 356 4456 quare
379 4379 465 4439 Both.
493 4379 642 4453 „contini“
669 4401 758 4440 ansus
780 4387 840 4455 est,
863 4380 910 4441 Fl.
938 4382 1018 4454 „risu
1041 4377 1104 4439 me“
1138 4381 1267 4458 scripsit,

136 4502 193 4559 quo
210 4481 255 4556 fit,
273 4487 309 4541 nt
325 4489 432 4560 pareat
448 4483 588 4542 diaerasis.
606 4513 650 4525 -
670 4477 885 4558 „Inclamare“
908 4486 950 4542 sit
967 4482 1047 4543 Fest.
1061 4483 1142 4561 Epit.
1161 4503 1191 4561 p.
1207 4483 1266 4541 108
