2992 5054
59 503 107 571 111,
117 507 141 572 3,
154 506 278 572 15-«28
402 566 405 572 ,
540 505 717 576 Amphitruo.
1150 511 1187 572 61

522 695 738 762 Alcumena
796 751 797 756 ,
845 681 868 726 ⁰

59 802 225 886 Numquid
248 803 311 884 uie,
334 805 414 888 quin
436 804 553 870 abeam
574 805 641 868 iem
662 805 767 885 intro,
790 809 828 868 ut
849 803 1050 887 adparentur
1072 803 1190 888 quibus

783 913 886 996 opus?

536 1019 721 1104 Iuppiter

59 1123 73 1186 1
94 1145 174 1190 eene
198 1132 234 1190 et
257 1131 418 1212 qnantum
440 1134 552 1211 potest
573 1134 691 1212 parete
712 1126 766 1192 fec
788 1129 854 1193 sint
876 1128 995 1194 omnic.

521 1235 739 1301 Alcumena
863 1291 866 1296 .

59 1339 142 1416 Quin
164 1343 263 1408 uenis
279 1344 418 1426 'qnando
440 1345 491 1420 uis
512 1345 614 1424 intro;
638 1343 713 1408 faxo
735 1341 823 1408 haud
846 1345 1023 1429 quicquam
1052 1344 1095 1409 sit
1121 1365 1191 1410 mo-

779 1472 846 1517 rae.
1140 1453 1191 1506 9⁸⁶

534 1561 719 1644 Iuppiter

61 1663 158 1730 Recte
180 1665 322 1751 loquere
345 1673 379 1733 et
401 1667 538 1753 proinde
562 1669 752 1750 diligentem
773 1673 810 1732 ut
832 1689 968 1732 uxorem
991 1669 1097 1734 decet.

61 1769 142 1852 [lem
164 1775 199 1840 hi
224 1776 332 1855 ambo,
356 1782 390 1842 et
411 1797 525 1842 seruos
547 1783 582 1842 et
604 1797 671 1856 ere,
693 1776 817 1840 frustra
840 1782 917 1840 sunt
939 1775 1013 1842 duo.

62 1879 121 1956 Qui
141 1905 195 1950 me
217 1884 493 1968 Amphitruonem
513 1893 628 1950 rentur
651 1905 733 1964 esse,
758 1889 870 1950 errent
893 1883 1019 1968 probe]

61 1987 152 2054 Nunc
172 1997 211 2056 tu
235 1991 348 2058 dinine
372 1993 437 2058 huc
458 1991 510 2057 see
533 1991 621 2058 adsis
643 1992 746 2058 Sosia.

61 2095 158 2162 Audis
181 2121 271 2182 quae
295 2100 377 2180 dice,
400 2102 532 2166 temetsi
553 2122 711 2186 praesens
733 2122 800 2167 non
825 2101 914 2166 aden.
1139 2101 1191 2154 9⁷⁰

62 2200 124 2266 Fac
144 2204 423 2292 Amphitruonem
444 2209 509 2273 iem
532 2208 763 2274 aduenientem
785 2208 827 2274 eb
851 2207 989 2274 cedibus

61 2308 103 2374 Ut
123 2313 255 2398 abigam
279 2317 395 2399 quouis
415 2321 512 2400 pecto
535 2317 592 2381 hoc
613 2315 665 2381 fec
689 2323 881 2382 conmentus
905 2316 958 2380 sis.

63 2415 141 2485 Uolo
164 2423 280 2489 deludi
301 2423 411 2505 illunc,
435 2424 513 2490 dum
535 2444 609 2488 cum
632 2425 694 2488 hec
716 2425 869 2488 usnrerie

63 2523 165 2594 Uxore
188 2552 278 2597 nunc
300 2532 381 2598 mihi
401 2531 573 2614 morigero.
609 2531 700 2596 Haec
723 2538 839 2597 curete
861 2533 926 2597 sint

64 2631 125 2698 Fec
147 2639 203 2720 sis,
226 2639 366 2723 proinde
388 2640 473 2706 adeo
496 2645 533 2704 ut
553 2637 640 2705 uelle
662 2642 741 2705 med
760 2639 933 2722 intellegm,
1138 2640 1190 2693 975

64 2741 165 2827 Atque
188 2754 228 2813 ut
250 2749 414 2814 ministres
435 2747 523 2828 mihi,
547 2747 626 2812 mihi
649 2769 748 2831 quom
769 2747 971 2814 sacruficem.

497 3133 756 3200 MERCURIUS.

68 3277 241 3352 Concedite
264 3293 363 3370 etque
386 3287 553 3354 abscedite
577 3310 698 3368 omnes,
723 3288 763 3353 de
786 3290 842 3354 uie
864 3289 1022 3354 decedite.

67 3384 130 3453 Nec
146 3397 320 3478 qnisquam
331 3401 400 3461 tem
412 3396 520 3462 andex
534 3396 607 3462 fuat
617 3396 723 3476 homo,
736 3397 792 3479 qui
803 3397 935 3462 obuiam
947 3397 1088 3463 obsistet
1098 3396 1186 3464 mihi.

68 3491 145 3564 Nam
165 3503 246 3568 mihi
269 3504 400 3588 quidem
421 3503 534 3596 hercle
556 3505 613 3589 qni
635 3506 741 3570 minue
763 3505 863 3570 liceet
885 3505 946 3571 deo
968 3507 1151 3572 minitarier

69 3597 194 3692 Populo,
218 3613 252 3675 ni
275 3611 415 3678 decedet
436 3612 524 3694 mihi,
548 3634 645 3695 quem
668 3613 798 3678 semele
821 3613 854 3676 in
878 3613 1076 3678 comoediis?
1137 3621 1189 3674 980

68 3704 122 3776 Im
142 3737 260 3784 nenem
282 3720 410 3786 saluam
431 3721 563 3786 nuntiat
585 3727 645 3786 eut
666 3721 744 3786 irati
766 3719 945 3786 aduentum
966 3721 1068 3801 senis3

69 3812 131 3899 Ego
152 3846 224 3892 eum
246 3826 317 3892 Ioni
340 3828 428 3895 dicto
446 3827 591 3909 audiena,
610 3830 681 3896 eins
698 3831 788 3895 iussu
804 3849 891 3894 nunc
907 3827 974 3893 huc
989 3849 1041 3894 me
1059 3825 1188 3909 adfer03

70 3921 167 4000 Quem
188 3935 317 4001 obrem
332 3935 413 4001 mihi
429 3936 532 4018 megin
549 3957 610 4019 per
629 3943 680 4000 est
695 3937 750 4002 nia
769 3937 929 4002 decedere
947 3943 981 4002 et
998 3936 1187 4003 concedere.

70 4027 160 4103 Peter
175 4049 277 4108 nocet
292 4065 353 4124 me,
370 4065 445 4108 eum
461 4063 588 4126 sequor,
608 4045 677 4110 eius
695 4043 782 4110 dieto
800 4045 938 4129 imperio
957 4068 1029 4112 snm
1041 4045 1186 4111 audiens.

74 4201 266 4224 x.—

131 4294 180 4352 ccr
195 4259 271 4352 ficta
293 4354 297 4359 ,
316 4299 369 4353 erc
385 4313 489 4367 preses
536 4299 590 4352 ere
605 4301 689 4368 paeto
707 4297 751 4354 fae
770 4315 833 4352 eum
850 4305 962 4358 mentua
980 4301 1034 4356 en
1078 4301 1130 4354 ere
1148 4301 1188 4354 m-

73 4367 124 4427 ]ῦῶ
140 4377 215 4436 illum
234 4382 317 4437 edum
335 4400 398 4438 cnm
450 4385 503 4438 974
520 4383 593 4437 sient
645 4385 696 4438 975
713 4399 759 4438 me
809 4387 862 4441 976
879 4403 943 4442 cum
959 4386 1030 4440 mihi
