2968 5030
573 461 605 515 v.
625 463 769 516 ιιι-514.
1175 467 1236 528 399

105 658 263 730 Pietatem,
286 657 450 716 maiuscula
471 657 576 716 littera
597 657 747 734 scriptam,
771 675 827 732 pro
849 655 971 732 pietatis
994 655 1050 714 dea
1072 657 1235 733 accipinut;

105 763 197 819 immo
214 757 368 835 pietatem
383 755 478 836 piare
505 765 552 818 est
579 760 722 838 pietatem
750 761 907 835 praestare,
935 759 1018 834 pium
1041 779 1112 818 esse.
1135 760 1236 818 -In

15 937 24 952 .
104 883 171 921 voc.
201 861 355 932 moratam
382 882 442 920 non
469 866 530 921 tam
559 862 743 920 accusativus
771 859 907 934 offendit,
942 881 1010 920 nam
1044 859 1232 938 ,postulare“

105 965 310 1024 accusativum
332 983 397 1022 cum
414 963 563 1024 infinitivo
581 963 639 1022 sibi
656 962 819 1022 admiscere
835 961 964 1022 vidimus
982 964 1020 1022 ad
1035 963 1143 1041 Amph.
1164 965 1234 1036 357,

106 1087 197 1144 quam
220 1067 360 1124 omissum
383 1081 447 1141 me,
472 1065 550 1143 quod
574 1067 674 1126 nescio
699 1085 737 1124 an
758 1067 790 1124 in
812 1067 950 1144 proximo
973 1085 1061 1126 versu
1082 1085 1137 1143 pro
1158 1061 1237 1124 mibi

104 1170 249 1230 substitui
273 1167 389 1228 debeat.
410 1199 452 1208 -
477 1171 547 1229 505.
565 1167 620 1228 His
637 1168 736 1227 vorbis
753 1169 850 1227 lenam
869 1169 907 1228 ad
924 1189 951 1228 v.
972 1170 1095 1228 toa-3
1114 1187 1235 1245 respon-

104 1273 186 1346 dere,
210 1274 255 1330 ita
271 1276 306 1330 ut
323 1291 350 1330 v.
373 1271 433 1330 504
456 1271 608 1348 interponi
630 1290 689 1329 nou
712 1272 814 1348 possit,
838 1271 987 1330 intellexit
1004 1271 1060 1344 Fl,
1086 1271 1136 1348 qui
1158 1269 1236 1330 hunc

104 1394 226 1434 versum
254 1373 299 1430 illi
325 1376 513 1451 postposuit,
542 1375 588 1430 ita
614 1379 650 1431 ut
670 1373 762 1432 verba
788 1372 883 1446 „Quid
906 1371 989 1432 est?“
1015 1373 1159 1432 Philaenio
1181 1375 1236 1431 tri·

102 1478 220 1536 bueret.
244 1475 330 1549 Mihi,
349 1477 376 1534 si
391 1474 633 1554 transponendus
649 1481 694 1532 est
712 1495 739 1534 v.
755 1477 825 1548 504,
843 1476 944 1553 aptior
957 1476 1039 1534 locus
1050 1481 1122 1553 post
1133 1497 1160 1534 v.
1176 1478 1234 1536 501

103 1580 241 1652 videtur,
270 1577 323 1637 sed
351 1577 392 1636 ibi
420 1597 540 1656 quoque
568 1579 612 1636 ita
639 1575 805 1653 superfluus
833 1582 895 1650 est,
921 1583 955 1635 nt
977 1579 1079 1655 potins
1103 1579 1237 1654 spurium
1299 1599 1303 1607 ·

104 1701 253 1741 censeam.
276 1711 319 1720 —
340 1677 450 1740 mins
470 1676 626 1756 inperium
649 1679 748 1752 codd.,
773 1680 902 1739 numeris
930 1679 1026 1751 duris,
1057 1679 1176 1756 dactylo
1206 1687 1237 1738 et

103 1789 268 1862 anapaesto.
292 1781 338 1840 Fl.
356 1787 486 1860 transp:
509 1783 674 1860 „inperium
693 1778 828 1840 matris“.
857 1781 1018 1859 Imperium
1039 1779 1148 1856 micul,
1171 1785 1190 1841 i.
1210 1803 1235 1841 e.

103 1887 234 1962 negligi,
258 1885 368 1944 dicitur
389 1889 424 1942 ut
445 1885 593 1944 maiestas.
616 1915 659 1925 —-
683 1885 753 1944 506.
778 1899 857 1960 quae
879 1884 959 1944 recte
980 1881 1121 1962 factata&
1142 1886 1235 1944 inter·

103 1994 209 2068 pretes
232 1988 397 2047 subiectum
416 1985 541 2046 audiunt
566 1983 755 2064 ,parentos“.
791 1987 823 2046 Si
841 2007 905 2047 voc.
929 1985 1030 2063 ,quae“
1051 1989 1236 2046 accusativus

102 2093 159 2164 sit,
176 2091 278 2149 malim
292 2091 435 2167 accipere,
455 2091 540 2166 quasi
557 2090 611 2148 sit:
633 2107 716 2167 „qua
729 2095 809 2148 recte
820 2087 914 2172 fiunt“
936 2085 1083 2162 (nostrum
1105 2086 1235 2163 „man“),

102 2193 161 2252 sed
183 2192 256 2252 mihi
279 2194 481 2252 nominativus
502 2189 747 2263 videturaudito
774 2189 872 2265 ,eas“,
895 2193 915 2250 i.
940 2212 964 2251 e.
987 2190 1074 2263 filias,
1098 2191 1134 2250 cf.
1157 2193 1237 2250 infra

104 2297 171 2354 523
195 2301 226 2354 et
249 2294 287 2352 ad
309 2295 416 2374 Amph.
443 2296 492 2354 38.

198 2399 268 2457 507.
292 2397 392 2456 Mater
413 2396 482 2456 filias
505 2403 535 2454 st
558 2396 748 2456 dicacitatem
777 2395 880 2454 obiicit
909 2401 939 2454 et
968 2414 1112 2468 amorem3
1141 2415 1235 2455 mere-

101 2501 213 2558 tricem
237 2501 315 2558 enim
338 2520 374 2558 ax
397 2504 494 2560 animo
517 2519 617 2558 amare
633 2519 694 2558 non
711 2497 834 2570 debere;
858 2498 893 2557 cf.
912 2517 939 2556 v.
960 2501 1030 2556 522.
1065 2499 1237 2576 Respondet

100 2601 170 2660 filia
192 2621 257 2660 eam
280 2621 343 2661 asse
365 2603 453 2661 buius
482 2608 612 2678 quastus
640 2609 793 2674 naturam,
822 2605 869 2672 ut,
899 2620 990 2676 quum
1016 2602 1118 2676 lingna
1139 2603 1234 2678 impu-

103 2705 215 2762 denter
237 2711 343 2782 posoat
366 2710 397 2762 et
419 2725 525 2782 corpus
548 2709 677 2782 querat,
701 2705 830 2776 animus,
854 2703 975 2780 reipsa
997 2709 1145 2776 monente,
1169 2723 1234 2780 quae

101 2807 190 2881 velit,
214 2791 372 2884 eloquatu'r
389 2813 426 2880 et,
446 2827 512 2884 qnae
531 2811 623 2884 optet,
642 2807 784 2885 proferat.
808 2805 867 2863 Pro
885 2805 1119 2865 craticidalius
1135 2827 1164 2884 p.
1185 2809 1234 2880 52,

103 2910 243 2988 quamvis
269 2910 394 2968 ‘minima
428 2928 546 2968 necesse
580 2928 643 2968 osse
673 2909 833 2980 fateretur,
862 2913 960 2966 tamen
988 2907 1119 2967 malebat
1146 2908 1236 2967 scribi

107 3009 274 3087 „hortat“,'
287 3031 412 3089 eumque
435 3001 524 3070 Both.
547 3010 593 3069 Fl.
618 3014 712 3070 secuti
735 3017 819 3083 sunt,
845 3017 875 3068 et
896 3009 991 3068 forma
1017 3010 1154 3068 inaudita
1181 3033 1236 3070 nco

103 3117 259 3174 sententia
286 3119 365 3192 apta.
398 3143 434 3152 -
468 3116 538 3172 510.
568 3109 604 3172 id
630 3112 766 3190 neglecta
794 3113 944 3190 positione
977 3112 1067 3170 breve
1102 3117 1162 3186 est,
1197 3115 1234 3172 cf.

102 3216 228 3277 Miller.
252 3235 282 3294 p.
303 3217 373 3274 327.
391 3243 433 3256 -
458 3217 527 3274 512.
551 3209 681 3293 Ecqua,
703 3215 758 3274 hoc
781 3216 900 3292 egregio
922 3214 967 3272 Fl.
992 3215 1085 3274 latere
1107 3215 1184 3274 vidit
1205 3217 1235 3274 in

104 3323 252 3398 corrupta
273 3317 384 3377 codicis
401 3317 425 3376 Β
444 3318 592 3395 scriptura
614 3317 696 3396 ,Ego
718 3314 786 3391 na“,
812 3318 859 3376 oui
882 3319 972 3375 ceteri
995 3317 1111 3375 librarii
1137 3317 1235 3392 „Ergo

103 3418 185 3480 una“
211 3419 447 3493 substituerunt,
470 3419 561 3478 verba
583 3421 647 3480 sina
669 3439 765 3478 sensu.
807 3419 884 3477 Num
907 3439 1047 3496 unquam,
1072 3421 1124 3492 ait,
1148 3419 1235 3478 hodie

103 3525 181 3584 mihi
200 3524 284 3600 loqui
301 3520 422 3581 licebit?
446 3517 484 3582 de
501 3518 552 3582 dte
569 3521 672 3582 Lamb.
692 3541 755 3580 essa
773 3521 816 3580 ait
837 3519 893 3593 „ab
909 3521 998 3580 initio
1015 3520 1110 3596 diei“;
1133 3523 1236 3600 potius

109 3631 199 3702 „ante
232 3643 366 3684 occasum
401 3621 504 3698 solis“,
539 3625 574 3683 of.
608 3625 688 3684 infra
716 3625 787 3682 818.
816 3653 858 3664 -
889 3625 958 3682 513.
987 3624 1062 3683 Post
1090 3619 1237 3701 loquendi

105 3731 210 3788 hiatus
239 3731 271 3788 in
299 3746 420 3788 casura.
465 3727 576 3786 Miiller
598 3749 628 3806 p.
653 3728 692 3785 50
720 3731 768 3800 „et
790 3731 888 3785 autem
910 3722 1010 3784 tuam“
1036 3725 1235 3805 proponebat.

104 3861 150 3872 -
173 3833 244 3890 514.
270 3830 305 3890 tac
325 3828 369 3903 stt,
393 3849 453 3888 non
479 3827 592 3904 ,tute“,
615 3835 651 3888 ut
673 3828 768 3902 codd.,
792 3834 873 3888 recte
888 3828 1003 3889 Nonius
1022 3849 1051 3906 p.
1075 3831 1144 3901 151,
1167 3848 1235 3886 nam

105 3935 276 3994 necessario
293 3933 456 4008 requiritur
479 3933 540 4004 ,ita
556 3929 619 3991 ut“.
657 3925 854 3992 Portisculus
877 3935 922 3990 est
944 3932 1066 4009 pertica,
1091 3951 1150 4008 qua
1167 3930 1235 3989 bor·

103 4041 187 4096 tator
209 4035 356 4109 remigum
384 4035 445 4092 siva
472 4035 629 4112 pausarius
652 4031 681 4109 (ὁ
703 4030 855 4107 ustrou-arte)
879 4039 976 4092 motus
1006 4052 1106 4092 eorum
1134 4033 1236 4092 mode·

105 4145 201 4199 ratur.
247 4136 313 4210 Vid.
337 4136 418 4196 Fest.
441 4156 470 4215 p.
496 4139 557 4196 234
580 4136 615 4194 b:
644 4136 847 4209 „Portisoulus
871 4141 929 4210 ast,
953 4141 987 4195 ut
1009 4136 1115 4195 scribit
1136 4136 1236 4194 AElius

105 4241 193 4315 Stilo,
212 4243 265 4318 qui
282 4240 313 4297 in
330 4244 422 4317 portu
446 4235 515 4313 (hoc
530 4258 656 4317 pravum
675 4234 731 4311 est)
748 4239 869 4298 modum
886 4238 937 4298 dat
954 4239 1049 4298 classi.
1081 4237 1116 4296 Id
1134 4243 1233 4298 autem

105 4349 151 4403 est
172 4342 315 4415 malleus,
345 4343 428 4402 onius
454 4343 589 4401 meminit
611 4340 684 4402 Cato
710 4342 741 4399 in
770 4340 952 4402 dissuasione
978 4340 1016 4398 de
1038 4360 1107 4418 rege
1130 4340 1234 4399 Attalo
