2956 5018
107 483 261 552 vas-ao
588 482 726 538 musea
1159 487 1218 549 131

552 671 771 736 Artemona

104 781 143 845 At
163 779 298 846 scelesta
320 800 382 864 ego
406 785 537 864 praeter
559 779 642 846 alios
664 801 773 846 meum
793 779 902 845 uirum
924 779 1086 862 egregium
1109 785 1195 860 rata,

104 887 235 969 Sicoum,
257 886 349 972 hugi,
373 887 605 968 continentem,
628 893 795 953 amantem
816 887 927 953 uxoris
950 907 1111 952 maxume.
1198 921 1203 930 ·

551 994 765 1061 Parasitus

101 1105 141 1169 At
165 1125 252 1170 nunc
279 1103 398 1170 dehinc
426 1103 508 1170 scito
536 1103 629 1170 illum
659 1109 736 1169 ante
766 1103 871 1169 omnis
893 1103 1030 1170 minumi
1052 1101 1225 1168 mortalem

812 1211 909 1295 preti,

99 1319 271 1402 Madidum,
286 1320 392 1402 nihili,
408 1320 670 1386 incontinentem
686 1324 787 1404 atque
801 1339 931 1385 osorem
941 1318 1053 1384 uxoris
1066 1338 1155 1384 suae.
1172 1327 1226 1380 ato

552 1428 772 1494 Artemona

99 1534 153 1600 Pol
168 1537 204 1601 ni
220 1557 300 1604 uera
315 1537 384 1602 ista
399 1541 519 1617 essent,
536 1555 716 1619 numquam
731 1533 858 1600 faceret
875 1554 923 1615 oa,
938 1554 1024 1619 quae
1035 1554 1123 1599 nuno
1134 1531 1223 1598 facit.

555 1644 770 1710 Parasitus

98 1750 163 1834 Ego
197 1773 329 1837 quoque
360 1751 473 1818 hercle
505 1751 599 1818 illum
632 1751 775 1818 antehac
803 1749 969 1816 hominem
997 1769 1126 1832 semper
1152 1769 1224 1814 sum

812 1857 901 1941 frugi
921 1863 1030 1936 ratus3

98 1963 216 2032 Uerum
237 1967 302 2033 hoo
323 1965 413 2032 facto
436 1987 509 2034 seso
530 1966 684 2048 ostendit,
707 1967 765 2052 qui
787 1966 920 2048 quidem
942 1985 1016 2030 cum
1037 1963 1107 2030 filio

98 2071 189 2140 Petet
210 2097 278 2142 una
299 2081 399 2160 atque
420 2097 488 2142 una
510 2077 652 2142 amicam
673 2074 788 2140 ductet
810 2072 998 2157 decrepitus
1020 2093 1129 2138 senex.

554 2184 771 2249 Artemona

98 2287 166 2356 Hoc
187 2298 318 2358 ecastor
339 2297 391 2358 est
412 2291 502 2377 quod
523 2291 592 2357 illio
616 2291 659 2356 ad
682 2310 797 2356 cenam
820 2287 941 2355 cotidie
1173 2287 1225 2342 855

99 2397 149 2463 Ait
169 2421 244 2466 sese
264 2402 314 2466 ire
337 2401 380 2466 ad
401 2398 644 2480 Archidemum,
667 2397 858 2477 Chaeream,
883 2395 1161 2474 Chaerestratum,

99 2503 244 2590 Cliniam,
266 2507 448 2588 Chremem,
472 2506 653 2587 Cratinum,
676 2504 817 2585 Diniam,
839 2503 1109 2583 Demosthenem

98 2611 128 2678 Is
148 2617 239 2700 apud
261 2623 407 2682 scortum
429 2613 672 2698 corruptelaest
693 2612 817 2692 liberis,
838 2611 952 2677 lustris
975 2609 1095 2676 studet.

554 2720 766 2787 Parasitus

101 2827 179 2907 Quin
204 2837 241 2898 tu
262 2831 356 2898 illum
377 2831 471 2898 iubos
494 2829 633 2896 ancillas
655 2849 774 2913 rapere
796 2827 968 2893 sublimem
991 2825 1144 2894 domum?

554 2938 773 3003 Artemona

101 3041 182 3114 Tace
204 3045 319 3127 modo;
342 3068 384 3112 ne
405 3045 499 3113 illum
521 3051 653 3111 ecastor
673 3045 830 3110 misorum
850 3039 989 3107 habebo.

555 3153 769 3219 Parasitus

876 3257 947 3340 Ego
970 3255 1056 3322 istuc
1079 3255 1146 3320 seio
1175 3263 1228 3317 860
1358 3291 1365 3306 .-

102 3363 150 3433 Ita
170 3370 243 3438 lore
265 3369 324 3450 illi,
346 3368 425 3436 dum
446 3369 579 3454 quidem
601 3389 677 3434 cum
697 3367 755 3432 illo
777 3371 882 3452 nupta
904 3363 978 3430 eris.

555 3477 774 3542 Artemona

984 3554 1054 3638 Ego
1077 3573 1194 3619 censeo

102 3663 181 3736 Eum
196 3670 218 3750 †
235 3671 337 3736 etiam
352 3669 518 3736 hominem
534 3669 569 3735 in
585 3675 703 3734 senatu
717 3667 797 3732 dare
809 3685 943 3751 operam
955 3667 1014 3728 aut
1025 3660 1226 3741 sinentibus,

100 3772 148 3841 lbi
167 3776 284 3844 labore
307 3777 507 3844 delassatum
528 3783 659 3842 noctem
679 3781 787 3841 totam
809 3779 959 3840 stertere.

102 3880 157 3952 Illo
179 3887 260 3952 foris
283 3906 382 3970 opero
404 3883 559 3951 faciundo
581 3885 688 3950 lassus
709 3889 811 3949 noctu
832 3881 983 3960 aduenit3

102 3987 249 4060 Fundum
272 3993 416 4060 alienum
438 3999 521 4073 arat,
543 3993 705 4058 incultum
725 3989 923 4056 familiarem
944 3985 1074 4052 deserit.
1176 3993 1228 4047 8θὸ

103 4096 253 4168 Isstiam
277 4107 451 4186 corruptus
472 4121 572 4185 porro
598 4121 692 4165 suum
714 4097 863 4181 corrupit
883 4094 997 4160 filium.

165 4273 218 4326 scr
235 4271 328 4326 uirum
345 4267 419 4338 mgr
436 4271 500 4322 rasa
550 4268 600 4321 so1
619 4267 676 4321 aa
690 4283 757 4320 uera
807 4264 859 4319 sou
876 4261 1011 4317 mortno
1062 4261 1114 4316 sor
1132 4257 1226 4314 uuae
1279 4245 1283 4255 “

104 4351 282 4412 demostenen
333 4357 384 4409 858
402 4352 569 4422 corruptela
589 4357 617 4406 et
668 4353 721 4406 864
738 4346 909 4420 operatoris

990 4449 1024 4503 θ’
