2976 5056
246 517 309 578 294
720 513 898 590 Amphitruo.

246 715 346 768 antem
368 708 554 786 diligentiam
576 728 661 767 suam
684 708 787 768 laudat
805 728 903 786 neque
921 729 961 782 se,
981 711 1116 788 quamvis
1133 711 1234 770 vinnm
1250 713 1372 784 biberit,

245 811 310 870 heri
332 810 542 870 mandatorum
565 810 692 870 oblitum
714 830 777 870 esse
799 811 882 871 dicit.
917 811 976 871 scd
993 832 1107 886 vereor,
1125 833 1164 872 na
1180 835 1282 893 parom
1297 837 1374 875 con·

245 915 347 972 veniat
359 913 613 990 Amphitryonem,
626 931 714 989 qoem
726 913 823 972 turbe
837 913 896 972 illae
907 915 1036 990 primum
1054 915 1099 973 ira
1115 919 1295 994 memmius,
1306 921 1373 976 iam

245 1035 317 1074 vero
346 1017 436 1074 etiarn
464 1015 588 1074 horrore
616 1016 844 1092 compleverint,
868 1021 939 1074 ante
961 1035 1050 1094 quam
1072 1017 1135 1076 hec
1164 1020 1372 1096 exploraverit,

245 1116 282 1176 ds
304 1117 394 1176 rebus
417 1118 573 1176 levissimis
591 1119 722 1192 cogitare
738 1119 892 1194 servisque
910 1119 1069 1197 imperare.
1104 1121 1167 1180 Nec
1184 1122 1276 1196 video,
1294 1142 1373 1198 quo·
1481 1185 1482 1188 Ἴ

246 1220 333 1278 modo
355 1221 396 1290 is,
421 1221 473 1296 qni
495 1239 613 1280 servum
641 1241 673 1278 se
700 1221 786 1296 sequi
807 1219 912 1279 iubeat
934 1241 968 1278 ea
990 1222 1052 1294 via,
1077 1242 1137 1300 que
1158 1223 1372 1301 proficiscetur,

245 1321 334 1380 simul
356 1322 482 1380 eundem
506 1343 637 1395 servum,
662 1329 696 1380 ut
718 1322 801 1381 aliud
823 1327 920 1395 curet,
944 1323 1003 1382 alio
1025 1323 1165 1402 ablegare
1186 1329 1291 1404 possit3
1312 1346 1373 1385 neo

245 1425 322 1483 enim
356 1425 509 1500 aliquanto
541 1430 613 1502 post
646 1445 713 1484 eum
741 1425 884 1502 subsequi
912 1425 1009 1498 iubet,
1038 1426 1092 1484 sed
1119 1432 1257 1505 proxima
1282 1449 1373 1487 scena

246 1523 287 1600 (v.
312 1522 388 1599 652)
417 1546 467 1584 eos
494 1527 595 1594 simul,
609 1527 761 1604 proiectos
790 1527 932 1588 ostendit.
976 1527 1062 1588 Sosia
1087 1535 1202 1602 antem,
1224 1532 1274 1607 qui
1293 1531 1372 1589 nihil

244 1630 365 1688 omnino
387 1628 463 1688 bibit
488 1625 530 1702 (v.
547 1627 632 1701 572),
657 1629 807 1706 quomodo
830 1630 928 1688 dicere
951 1636 1060 1707 potest,
1084 1651 1116 1690 se
1138 1651 1199 1691 non
1222 1653 1371 1692 unacum
1481 1621 1482 1630 ³

244 1733 313 1790 vino
335 1733 492 1810 imperium
515 1730 651 1802 ebibisse,
674 1734 693 1790 i.
718 1751 743 1790 e.
766 1731 892 1791 oblitum
914 1731 999 1790 ease?
1029 1731 1094 1792 Hoc
1116 1735 1195 1793 enim
1216 1733 1272 1792 sibi
1292 1735 1370 1792 valle

243 1835 321 1893 hunc
343 1855 461 1894 versum
483 1833 618 1893 ostendit
639 1833 721 1893 Pers.
748 1836 821 1894 171:
857 1833 1060 1912 „Quamquam
1089 1853 1144 1912 ego
1166 1839 1269 1895 uinum
1289 1835 1368 1908 bibo,

243 1937 415 1996 mandatnm
443 1957 503 1995 non
530 1937 614 1994 auaui
644 1937 730 1994 simul
759 1935 863 1995 bibere
884 1934 975 1996 una“.
1020 1935 1228 1996 Solenriederus
1251 1938 1369 2015 quidem
1481 1949 1482 1954 ’

243 2041 285 2098 616
324 2039 467 2116 explicet:
511 2038 610 2110 „Hero
649 2038 807 2096 ebrietatis
846 2057 913 2096 eum
952 2039 1137 2098 insimulanti
1176 2040 1370 2118 responderat

245 2139 286 2216 (v.
313 2138 401 2214 572);
431 2141 584 2218 Nusquam
612 2139 685 2199 bibi.
731 2139 828 2212 Quare
856 2139 904 2199 bic
927 2140 1026 2200 dicere
1048 2141 1183 2200 videtur:
1209 2142 1369 2217 diligenter

243 2261 310 2322 qnae
333 2245 488 2321 imperasti
510 2241 699 2320 exsequendo
722 2262 851 2302 menon
874 2243 988 2301 ebrium
1011 2263 1075 2302 esse
1093 2242 1278 2304 ostendam“.
1310 2244 1369 2303 Sed

243 2347 333 2414 harus
361 2365 420 2404 non
448 2345 603 2404 ebrietatis
631 2365 698 2404 eum
720 2347 884 2418 accusavit,
913 2365 1016 2404 verum
1045 2347 1227 2405 somniorum
1254 2367 1367 2406 causam

242 2467 379 2525 querens
404 2449 485 2506 inter
513 2448 573 2506 alia
600 2447 657 2506 hoc
684 2467 804 2525 quoque
832 2449 1042 2524 interrogavit,
1073 2455 1107 2506 ut
1133 2449 1190 2513 hoc
1218 2449 1283 2508 loco
1308 2454 1367 2508 tarn
1445 2475 1447 2480 ¹
1479 2483 1480 2524 j

243 2551 345 2609 multis
377 2551 539 2609 interiectis
573 2570 633 2609 non
668 2553 723 2622 sit,
744 2569 805 2608 cur
832 2571 862 2608 ae
890 2556 999 2628 purget
1027 2549 1123 2634 Sosia.
1168 2549 1262 2624 Quid,
1292 2549 1368 2629 qnod
1391 2612 1395 2618 ,

243 2673 271 2712 v.
292 2653 351 2710 626
376 2654 464 2710 etiam
486 2673 563 2711 nunc
586 2654 760 2727 manissime
777 2653 887 2712 timore
904 2657 1024 2729 captum
1042 2671 1105 2710 esse
1121 2653 1369 2731 Amphitryonem

243 2753 375 2812 ostendit
397 2759 428 2812 et
451 2774 517 2813 enm
540 2755 657 2831 reliqua
680 2773 767 2813 scene
790 2774 884 2831 usque
909 2753 947 2812 ad
964 2775 992 2814 v.
1012 2755 1072 2813 622
1091 2756 1205 2832 optime
1223 2757 1368 2826 convenit,

244 2876 310 2915 oum
332 2857 497 2914 interiectis
518 2856 594 2915 nihil
617 2877 771 2915 commune
794 2854 905 2914 habet?
940 2855 1038 2929 Quare
1062 2869 1120 2916 non
1144 2877 1277 2934 possum,
1301 2859 1369 2934 quin
1478 2861 1480 2888 ⁴

242 2960 306 3018 baec
328 2960 429 3035 spuria
451 2958 586 3030 habeam,
609 2961 778 3036 presertim
800 2979 890 3035 quum
913 2965 944 3017 et
966 2978 1155 3018 numerorum
1180 2965 1210 3017 et
1229 2961 1371 3019 orationis

242 3061 323 3120 vitiis
342 3061 502 3120 abundent.
537 3060 572 3119 V.
593 3061 653 3120 623
673 3077 751 3137 quae
771 3057 833 3120 iam
850 3057 1002 3135 imperare
1024 3061 1108 3120 codd.
1133 3061 1262 3138 ἀμέτρως,
1285 3062 1370 3120 Both.

246 3183 340 3241 „quae
362 3166 508 3242 impereui
536 3161 632 3235 iam“;
660 3184 688 3222 v.
713 3165 773 3222 625
802 3163 902 3222 hiatus
930 3166 961 3222 in
990 3183 1104 3223 caesura
1132 3163 1286 3222 offendere
1314 3183 1372 3223 non

200 3309 202 3316 .
242 3267 340 3338 debet,
361 3265 415 3324 sed
433 3286 538 3344 parum
561 3266 619 3324 sibi
641 3265 824 3344 respondent
847 3259 926 3342 q'ttae
948 3262 1082 3341 imperes
1105 3273 1136 3324 et
1157 3267 1372 3341 compareat&

242 3374 323 3427 reete
346 3369 495 3426 diceretur
522 3373 573 3440 „ut
595 3387 661 3445 quae
684 3371 821 3446 imperes,
845 3365 938 3426 fiant“
966 3375 1018 3427 aut
1043 3376 1095 3441 „ut
1117 3389 1185 3444 quas
1202 3368 1277 3427 mihi
1295 3389 1371 3427 eom-

242 3472 357 3530 misem's
380 3469 602 3549 compareant“‚
627 3473 646 3530 i.
670 3491 695 3529 e.
719 3491 778 3530 non
801 3473 960 3530 intereant.
1001 3471 1036 3528 V.
1062 3472 1121 3530 625
1147 3471 1235 3529 affert
1257 3471 1373 3530 Nonius

241 3594 272 3651 p.
300 3575 356 3631 175
382 3573 487 3632 iisdem
509 3572 607 3631 verbis
630 3579 720 3650 atque
743 3572 828 3632 codd.
848 3571 988 3632 Plautini.
1033 3572 1105 3631 Post
1134 3569 1243 3632 366ιὶ164
1271 3573 1373 3633 hiatur

241 3677 272 3734 in
295 3695 414 3734 caesura.
449 3675 558 3735 CodB
576 3677 607 3734 in
624 3677 757 3752 margine
776 3676 921 3754 explieat:
949 3673 1086 3748 „simnl“.
1120 3675 1176 3734 Est
1193 3682 1294 3735 antem
1311 3677 1371 3736 666

242 3778 338 3836 forma
366 3777 445 3854 apud
467 3777 608 3836 Plautum
635 3781 708 3836 satis
736 3779 904 3854 frequens‚·
920 3797 948 3836 v.
971 3777 1052 3837 Men.
1076 3779 1148 3838 732.
1183 3778 1275 3837 Most.
1301 3781 1371 3838 786.

241 3880 332 3938 Mero.
360 3881 429 3940 116.
454 3882 525 3940 835.
549 3879 656 3939 Pseud.
677 3883 767 3940 1015.
791 3880 976 3941 81166251.
1002 3881 1073 3940 395.
1098 3883 1170 3939 738.
1193 3881 1277 3939 Trin.
1300 3884 1370 3942 223.

240 3980 353 4039 Eadem
377 4001 413 4038 ex
429 3980 568 4054 Pacuvio,
588 3982 763 4060 Pomponio,
787 3981 903 4041 Lucilio
926 3981 1059 4041 affertur.
1093 3983 1128 4040 In
1150 3983 1249 4041 titulis
1273 3990 1371 4043 autern

241 4087 441 4161 posteriorum
469 4089 637 4163 temporum
665 4081 793 4145 nimiter
822 4086 946 4162 legitur,
976 4105 1005 4143 v.
1036 4085 1129 4144 Orelli
1155 4085 1247 4143 Inscr.
1277 4087 1370 4146 2863.

241 4185 422 4258 Mommsen,
446 4186 540 4246 Inscr.
563 4187 661 4262 Regni
683 4187 777 4266 Neop.
801 4189 874 4247 423.
919 4187 1015 4258 Quam
1043 4188 1168 4245 formam
1191 4186 1371 4248 Ritsobelius

242 4273 292 4361 (in¹
308 4286 370 4346 ind.
390 4289 481 4346 schol.
500 4289 594 4348 Bonn.
616 4291 695 4348 1853
713 4287 820 4367 p.x11
842 4295 873 4348 et
896 4289 977 4366 apud
995 4289 1216 4349 Reifferscheid.
1234 4289 1371 4351 Suetonii

241 4391 398 4463 fragment.
429 4411 458 4468 p.
484 4392 545 4449 499
580 4389 638 4468 sq.)
673 4397 703 4449 et
736 4391 955 4468 antiquioribus
988 4391 1186 4468 scriptoribus
1219 4394 1371 4453 vindicare
