2956 5018
237 479 297 542 1¹70
692 471 903 542 Prolegomeue.

235 675 339 730 centur
360 669 388 728 D
410 669 484 728 etv
506 669 615 726 litteris
637 668 799 728 secundum
821 688 1016 745 personarum
1037 670 1158 728 nomine
1179 667 1400 746 praescriptis

234 776 265 832 in
288 794 324 832 ec
346 774 420 846 icco,
443 772 496 832 ubi
512 772 620 848 incipit
636 770 753 831 scene“.
790 770 850 830 Sed
871 772 935 831 hesc
953 793 1009 836 nec
1031 777 1111 831 recte
1133 772 1322 830 edebantur
1348 797 1400 811 --

234 897 269 936 ec
297 880 420 936 monent
448 876 538 934 etiem
560 894 639 934 nunc
661 875 851 952 corruptele,
875 877 962 935 utin
984 894 1048 934 roc.
1076 871 1217 948 „crebro“
1246 905 1302 914 -
1331 893 1398 932 nec

234 981 308 1039 setis
336 999 371 1038 ee
396 976 673 1038 animadverterant
699 979 757 1036 viri
785 978 881 1051 docti,
911 977 1006 1038 donec
1033 978 1182 1037 Plautinis
1209 977 1395 1036 codicibus

234 1084 402 1142 accuratius
425 1081 542 1140 collatis
560 1081 603 1140 ihi
622 1099 740 1156 qnoque
758 1080 870 1140 similes
887 1085 965 1140 note
984 1087 1197 1160 opposuerunt,
1216 1080 1241 1139 Ο
1259 1085 1296 1138 et
1309 1079 1392 1140 DV.

234 1186 315 1258 Quas
338 1204 429 1261 quum
450 1186 580 1263 primum
595 1183 764 1262 Geppertus
786 1186 818 1244 in
835 1183 949 1244 Studiis
965 1183 1146 1256 Plentinisl
1167 1185 1254 1242 reric
1278 1183 1391 1242 modo

235 1289 385 1367 explicere
408 1293 529 1347 conotus
551 1293 637 1360 essct,
661 1307 731 1346 mox
754 1291 785 1344 et
801 1268 855 1344 Th.
874 1286 1022 1363 Berghius
1040 1289 1072 1346 in
1083 1287 1239 1362 Philolcgo
1251 1287 1388 1360 XXXI,

233 1411 264 1470 p.
284 1393 345 1450 229
363 1367 427 1468 soq.
445 1395 476 1448 et
494 1389 675 1450 Bitschelius
691 1392 723 1449 in
740 1389 817 1448 Mus.
830 1389 924 1448 Rhen.
942 1408 1010 1448 nov.
1022 1389 1146 1464 XXVII,
1165 1411 1196 1468 p.
1215 1393 1278 1450 599
1300 1411 1386 1468 sqq.

235 1498 265 1553 et
285 1513 340 1552 nos
362 1512 481 1569 quoque
497 1494 576 1551 inter
592 1494 729 1568 privatos
747 1493 876 1570 parietes
895 1495 1077 1552 canticum
1100 1497 1130 1552 et
1153 1493 1384 1552 diverbium
1468 1505 1469 1512 ³

234 1597 425 1674 interpretati
446 1593 592 1670 somus*).

320 1701 382 1760 Hes
409 1700 487 1758 enim
515 1699 590 1758 dues
616 1697 785 1758 fabularum
814 1704 915 1775 portes
937 1700 1054 1777 antiqui
1077 1691 1262 1774 distinguere
1286 1699 1381 1758 sole-

233 1804 317 1864 bent.
350 1802 483 1862 Primum
500 1802 604 1862 Livius
621 1801 686 1874 VH,
711 1803 740 1874 2,
762 1801 966 1861 Andronicum
988 1802 1073 1860 illum
1094 1801 1216 1861 Livium
1240 1822 1378 1861 nsrrens
1468 1815 1469 1824 ¹

237 1927 347 1985 „quum
369 1907 477 1982 sespius
499 1911 657 1964 revocatus
678 1923 780 1964 vocem
802 1905 984 1978 obtudisset,
1007 1907 1096 1964 venie
1118 1907 1217 1983 petite
1237 1925 1377 1982 puerum
1468 1905 1469 1910 ’

233 2009 274 2069 ed
301 2007 465 2069 canendum
495 2011 563 2068 ente
590 2007 744 2068 tibicinem
772 2028 865 2086 quum
892 2010 1059 2082 statuisset,
1089 2009 1238 2068 canticum
1266 2009 1374 2083 egisse

234 2113 388 2191 eliquanto
409 2112 504 2188 megis
525 2112 645 2188 vigente
666 2115 759 2184 motu,
784 2114 855 2190 quis
876 2111 953 2170 nihil
974 2114 1054 2171 vocis
1075 2133 1147 2172 usus
1168 2111 1371 2190 impediebat.

233 2211 325 2276 Inde“
345 2216 447 2292 inquit
466 2213 523 2291 ,sd
539 2233 658 2274 menum
672 2215 787 2274 centeri
798 2213 996 2274 histrionibus
1013 2219 1150 2293 coeptum,
1168 2214 1371 2292 diverbiaque

232 2321 351 2376 tontum
378 2319 512 2394 ipsorum
538 2319 605 2376 roci
632 2314 765 2378 relicte“.
811 2317 869 2390 Qui
897 2337 961 2376 mos
990 2337 1079 2395 quem
1107 2317 1167 2377 diu
1188 2317 1368 2390 obtinuerit,

233 2423 421 2497 ignoremus,
450 2419 490 2480 ed
517 2420 689 2480 comoediem
718 2421 839 2498 quidem
868 2441 1028 2498 numquam
1053 2421 1210 2482 traductus
1231 2417 1365 2494 videtur,

236 2524 320 2582 cuius
343 2524 457 2583 centies
475 2553 520 2564 -·-
536 2525 595 2582 nisi
616 2523 694 2584 forte
717 2523 890 2584 difficillime
912 2523 1048 2602 quaedem
1070 2524 1205 2601 excipere
1227 2524 1303 2583 velis
1324 2555 1366 2564 -

235 2628 301 2703 ipsc
322 2627 430 2684 histrio
453 2631 587 2686 centesse
610 2626 772 2686 censendus
794 2631 850 2700 est,
874 2629 901 2686 si
924 2626 1045 2704 quidem
1056 2625 1180 2686 Roscius
1202 2627 1262 2700 ille,
1282 2627 1366 2686 Cice·

234 2731 316 2788 ronis
338 2729 502 2802 familiaris,
525 2731 617 2788 usin
639 2729 930 2808 senectutequidem
953 2731 1037 2789 eliud
1058 2731 1193 2802 mutavit,
1218 2749 1308 2808 quem
1329 2735 1367 2788 ut
1468 2729 1469 2732 ’

235 2851 373 2891 numeros
396 2837 501 2890 centus
523 2833 708 2890 remissiores
736 2837 766 2890 et
786 2833 919 2892 tibicinis
946 2833 1051 2891 modos
1078 2831 1225 2890 tardiores
1252 2831 1367 2890 feceret

237 2933 309 3010 (cic.
322 2934 395 3012 Leg.
406 2935 430 3007 I,
444 2934 472 3006 4,
488 2932 542 3006 113
555 2933 592 2990 de'
604 2934 685 2994 Orat.
698 2935 722 3009 I,
736 2937 785 3008 60,
796 2933 882 3010 254).
906 2935 1021 2994 Deinde
1028 2933 1187 2994 Diomedes
1198 2955 1228 3012 p.
1238 2935 1298 2993 491
1309 2935 1364 2993 K:

238 3037 392 3111 ,Membro
420 3034 630 3096 comoediarum
657 3042 729 3095 sunt
754 3041 827 3112 tria,
852 3037 1033 3110 diverbium,
1058 3040 1222 3110 canticum,
1247 3037 1363 3096 chorus.

234 3141 377 3201 Diverbio
405 3145 475 3199 sunt
502 3145 603 3216 pertes
632 3140 856 3214 comediarum,
887 3145 918 3200 in
946 3141 1054 3220 quibus
1082 3141 1270 3200 diversorum
1297 3159 1364 3217 per·

234 3263 315 3304 sonae
337 3247 510 3316 versentur3
539 3263 674 3320 personne
702 3249 803 3302 eutem
831 3245 1035 3304 diverbiorum
1061 3249 1114 3302 eut
1137 3245 1204 3303 dure
1227 3249 1282 3303 eut
1303 3249 1365 3302 tres

235 3350 288 3406 eut
309 3365 379 3405 rero
403 3350 548 3424 quattuor
571 3365 636 3405 esse
654 3345 778 3420 debent3
801 3348 882 3407 ultre
901 3366 1011 3422 sugere
1029 3367 1185 3406 numerum
1202 3367 1262 3406 non
1280 3348 1363 3418 licet;

234 3453 266 3511 in
289 3451 412 3509 conticis
435 3455 533 3508 autem
554 3454 754 3509 unctantem
777 3470 841 3510 esse
864 3451 954 3512 dehet
974 3471 1102 3528 persone
1125 3495 1212 3508 ....
1249 3450 1365 3509 Letinae

235 3553 385 3614 comodiee
409 3553 532 3613 chorum
553 3572 614 3612 non
636 3553 755 3626 hebent,
779 3554 832 3612 sed
854 3554 972 3614 duobus
995 3555 1135 3614 membris
1157 3557 1274 3612 tentum
1298 3573 1365 3612 con·

260 3788 287 3859 *)
305 3790 347 3844 Dc
369 3790 480 3844 ratione
502 3787 661 3859 compendii
684 3787 736 3842 DV
758 3804 794 3842 ne
816 3789 878 3858 quis
906 3789 1029 3856 dubitet,
1057 3789 1153 3844 videet
1175 3787 1282 3842 Bitsch.
1306 3786 1324 3841 l.
1347 3788 1364 3840 l.

303 3893 330 3945 p.
348 3878 406 3931 606.
442 3875 485 3929 De
506 3874 597 3930 forms
617 3874 740 3929 nominis
763 3875 922 3930 dubitatum
946 3879 1001 3942 est,
1026 3875 1159 3944 quonism
1184 3889 1312 3944 persaepe
1337 3874 1365 3928 iu

303 3961 447 4016 codicibus
473 3961 637 4018 dwerbim
653 3959 768 4030 legitur,
793 3979 850 4018 non
872 3961 1029 4016 scobem.
1066 3959 1141 4016 Illud
1157 3961 1292 4017 Dzieteho
1316 3961 1363 4016 de-

303 4043 392 4100 fendit
410 4045 490 4114 (Mus.
507 4047 595 4102 Rhcn.
614 4047 715 4114 XXVI,
733 4065 760 4118 p.
776 4048 817 4102 97.
845 4048 945 4102 Annei.
965 4047 1061 4118 philol.
1081 4045 1152 4114 0111,
1170 4065 1196 4116 p.
1215 4049 1267 4102 819
1286 4047 1364 4116 sqq.),

305 4129 433 4184 Graecum
455 4143 593 4198 xasauym
615 4132 758 4188 Romanos
786 4133 868 4187 simili
896 4133 1023 4188 adhibite
1046 4133 1247 4204 proepositicne
1272 4133 1362 4187 reddi-

305 4216 379 4271 disse
401 4217 566 4286 arbitratus,
588 4219 642 4273 hoc
664 4217 804 4289 plerisque
828 4235 845 4272 s
866 4217 961 4274 Latini
988 4220 1124 4274 sermonis
1150 4223 1252 4272 nature
1273 4220 1363 4274 minus

305 4303 454 4358 abhorrere
476 4302 566 4357 visum
589 4308 645 4370 est;
668 4305 789 4373 Bergldo
807 4305 825 4358 l.
843 4305 860 4358 l.
885 4323 910 4373 p.
930 4307 978 4360 231
1003 4305 1160 4359 diverbium
1187 4321 1246 4359 non
1270 4305 1364 4358 eddite

305 4387 511 4459 propositione
528 4389 573 4443 dis
590 4393 691 4456 ortmn,
709 4390 759 4442 sed
777 4390 813 4442 ab
830 4389 912 4443 initio
930 4391 1102 4446 decimbium
1118 4389 1203 4444 fuisse
1219 4391 1338 4444 ridetur.
